2036 3406
0 717 3 726 -
0 546 7 686 v--v-v

687 197 817 233 LIBRI
844 197 892 232 lv

946 196 1135 232 sA'rVRA
1163 196 1229 231 xH
1661 199 1743 238 247

183 322 237 348 ne
271 309 468 360 suspecta
500 306 581 347 tibi
615 307 702 348 sint
733 305 1320 361 haee,001·vine,Catullus,

183 381 261 420 pro
295 366 414 408 cuius
447 365 586 407 reditu
620 368 685 407 tot
718 381 830 420 pono
864 366 1030 421 altaria,
1062 380 1217 431 palvos

185 429 272 468 tres
305 425 438 467 habet
469 424 659 466 heredes
711 426 815 467 libet
848 428 1086 480 expectare,
1120 425 1214 479 quis
1249 440 1310 466 ae«
1302 438 1422 479 garmi
1701 437 1745 467 95

184 487 227 526 et
258 484 523 526 claudentem
558 485 703 526 oculos
737 485 946 539 gallinam
979 483 1186 538 inpendat
1219 484 1357 525 amico

184 546 272 586 tam
306 544 455 597 sterili,
487 559 635 585 velum
667 544 772 586 haec
805 544 939 585 nimia.
972 547 1037 585 est
1069 543 1260 597 inpensa
1293 544 1489 584 cotuluix

182 603 304 645 nulla
337 618 538 657 umquam
573 618 649 657 pro
683 605 806 658 patre
839 603 973 644 cadet.
1025 602 1183 643 sentire
1216 602 1401 644 calorem

182 662 217 704 si
250 662 393 717 coepit
425 662 614 717 locuples
648 661 833 704 Gallitta
865 665 907 703 et
939 661 1091 702 Pacius
1125 661 1231 716 orbi,

181 722 373 778 legitime
406 721 502 763 fixis
535 722 718 763 vestitur
750 724 842 763 tota
875 720 1032 762 libellis
1682 734 1744 763 noo

180 781 384 837 porticus,
417 781 608 823 existunt
641 781 713 835 qui
745 780 1007 835 promittant
1038 779 1335 834 hecatomben,

181 843 390 896 quatenus
423 840 493 882 hic
525 855 612 883 non
645 842 745 881 sunt
777 854 854 881 nec
887 839 1059 881 venales
1087 839 1317 894 elephanti,

182 914 261 942 nec
292 899 418 941 Latio
451 902 526 940 aut
556 914 737 954 usquam
771 899 849 941 sub
883 901 1033 941 nostro
1068 898 1206 940 sidere
1239 899 1339 940 talis

180 959 306 1001 belua
337 959 591 1013 concipitur,
624 959 698 1000 sed
730 958 854 1000 furva
886 961 1013 1014 gente
1048 958 1186 1012 petita

180 1018 404 1061 arboribus
436 1018 608 1060 Rutulis
641 1021 683 1060 et
715 1017 850 1060 Turni
882 1018 1075 1073 pascitur
1107 1031 1224 1073 agro,
1677 1030 1742 1061 105

181 1076 376 1120 Caesaris
410 1080 665 1131 armentum,
697 1077 808 1119 nulli
841 1078 999 1120 servire
1031 1081 1231 1132 paratum

179 1137 362 1191 privato,
394 1136 605 1192 siquidem
637 1136 768 1192 Tyrio
804 1151 954 1192 parere
987 1137 1183 1179 solebant

168 1195 417 1252 ,Hannibali
452 1199 494 1238 et
525 1197 685 1238 nostris
717 1197 895 1238 ducibus
926 1197 1104 1252 regique
1137 1195 1328 1238 Molosso

179 1255 334 1297 horum
366 1255 549 1298 maiores
583 1271 632 1299 ac
663 1256 788 1298 dorso
820 1255 931 1298 ferre
965 1256 1175 1310 cohortes,

272 1375 316 1407 93
342 1381 410 1407 nec
437 1372 507 1406 Ρω
535 1384 623 1407 corr.
652 1372 869 1408 Lachmann

175 1466 303 1502 heiten
338 1477 492 1502 unserer
530 1467 611 1502 Zeit
651 1467 716 1510 ist,
763 1468 920 1502 sondern

174 1514 435 1550 interesselose
459 1514 759 1551 Freundesliebe.

228 1566 272 1597 93
318 1562 370 1597 Zu
413 1563 497 1598 dem
541 1562 730 1598 Finalsatz
777 1562 827 1597 ist
870 1562 920 1596 im

173 1609 385 1645 Deutschen
422 1610 488 1644 der
519 1610 744 1654 eigentliehe
777 1610 920 1655 Haupt-

174 1659 252 1692 satz
279 1659 401 1702 (scito,
425 1658 506 1693 dico
538 1658 621 1703 aba)
652 1671 695 1692 zu
728 1661 920 1702 erg-anzeli,

173 1705 244 1740 wie
281 1704 370 1740 Hor.
409 1716 467 1750 ep.
494 1705 511 1739 I
538 1709 597 1749 12,
631 1710 676 1740 24
716 1716 762 1740 ne
801 1708 921 1740 tamen

172 1753 332 1795 iquores,
364 1764 434 1798 qao
464 1753 513 1788 sit
543 1753 714 1788 Romana
746 1753 821 1788 loco
846 1764 920 1788 res:

174 1799 356 1836 Cantaber
381 1801 587 1845 Ayrippae,
626 1800 762 1836 Claudi
786 1801 920 1836 virtute

171 1847 333 1883 Neronis
340 1848 539 1883 Armenius
546 1849 685 1892 cecidit,
697 1847 849 1893 vglKrii
853 1859 919 1893 ger

173 1895 212 1930 L.
238 1893 290 1929 Gr
314 1899 334 1938 ξ
355 1898 423 1930 596
446 1907 480 1930 n.
502 1900 534 1931 3.
584 1895 659 1931 Der
690 1895 772 1931 hier
804 1895 915 1940 abge-

170 1942 310 1978 wehrtc
330 1942 518 1988 Argwohn
544 1953 622 1977 war
646 1944 684 1978 in
705 1943 813 1988 jener
837 1942 917 1978 Zeit

170 1989 289 2026 leider
312 2002 382 2025 nur
407 2002 475 2035 gar
499 2003 542 2025 zu
566 1990 765 2027 natfirlich.

217 2041 263 2073 95
289 2041 360 2073 tres
384 2038 539 2080 heredes,
564 2050 608 2072 zu
636 2042 667 2081 9,
695 2042 750 2074 90.

218 2088 262 2120 96
288 2085 374 2130 Vgl.
402 2089 463 2126 13,
490 2089 558 2121 233
597 2086 738 2121 laribus
768 2086 916 2121 cristam

166 2133 377 2177 promittere
409 2133 502 2177 yalli
534 2143 609 2168 non
644 2134 797 2176 audent,
827 2132 913 2169 Luc.

170 2180 276 2225 Iupp.
297 2182 392 2225 trag.
411 2185 454 2215 15
474 2179 582 2226 klagt
596 2181 688 2216 Zeus
702 2180 794 2216 fiber
808 2181 915 2215 einen

169 2239 235 2262 aus
246 2227 331 2262 dem
343 2228 466 2263 Sturm
477 2230 686 2284 gcretteten
694 2226 913 2285 ναύκληρος·

169 2271 374 2310 Sanamem
395 2273 513 2315 θεοὺς
533 2272 664 2310 ἑστιῶν
684 2272 915 2331 ἀλεκτρυόνα

169 2323 288 2379 μόνον
314 2323 521 2366 κατέθυσε,
551 2321 709 2368 γέροντα
735 2320 914 2358 κακεῖνον

168 2367 242 2414 ἤδη
262 2370 326 2404 καὶ
346 2371 561 2434 κορυζῶντα
578 2371 738 2416 (rotzig).
754 2392 796 2396 —
812 2372 914 2407 clau-

167 2418 307 2453 dentem
331 2418 463 2462 oeulos,
490 2418 637 2453 ‘blindz

216 2468 260 2500 97
286 2476 428 2501 verum.-
465 2465 553 2501 aber
583 2465 687 2510 nein,
721 2465 785 2501 das
816 2469 914 2501 w'are

167 2512 264 2548 noch
299 2511 361 2548 ein
394 2525 439 2548 zu
472 2512 614 2559 grosses
652 2513 780 2558 Opfer3
817 2513 913 2549 denn

167 2571 290 2596 verum
308 2559 487 2596 bedeutet
504 2560 784 2606 ursprfinglich:
810 2561 915 2596 ‘aber

168 2607 205 2642 in
225 2606 452 2653 Wahrheit’,
473 2609 546 2654 vgl.
569 2608 656 2644 Hor.
680 2621 707 2644 s.
728 2608 763 2642 II
782 2614 814 2653 3,
833 2613 912 2644 205.

215 2657 261 2689 98
275 2665 348 2700 pro
370 2658 489 2700 patre,
515 2655 574 2690 fiir
599 2657 707 2691 einen
733 2656 797 2691 der
822 2656 911 2692 Kin-

167 2701 233 2737 (ἱει-
257 2701 326 2737 hat
351 2703 421 2746 (14,
448 2706 493 2738 45
526 2704 657 2739 limina
688 2705 791 2739 intra
822 2716 913 2750 quae

160 2751 270 2794 pater
295 2750 372 2795 est),
404 2749 475 2785 den
495 2761 587 2786 man
614 2751 693 2786 also
719 2751 824 2787 nicht
849 2752 911 2788 be—

167 2796 279 2831 erben
302 2796 413 2832 kann

214 2848 259 2879 99
276 2844 434 2880 Gallitta
452 2844 527 2879 und
547 2845 686 2880 Pacius
706 2845 787 2880 sind
807 2846 912 2882 nicht

167 2891 296 2926 weiter
319 2890 500 2926 bekannt.

216 2943 283 2975 100
320 2939 451 2974 libellis
488 2956 531 2967 =
564 2943 725 2975 votorum
764 2941 911 2984 tabulis,

167 2985 267 3022 Suet.
295 2988 387 3033 Aug.
412 2991 455 3022 97
482 2991 578 3031 cota,
604 2998 695 3033 quae
722 2988 761 3022 in
781 2990 909 3032 proxi-

969 1375 1035 1406 104
1060 1372 1163 1407 fulva
1189 1372 1225 1406 P
1325 1376 1389 1407 100
1419 1372 1581 1408 cohortis
1612 1374 1647 1407 1¹

994 1478 1090 1502 mam
1123 1468 1277 1502 lustrum
1309 1468 1447 1513 suscipi
1475 1479 1549 1504 mos
1573 1472 1640 1511 est,
1673 1470 1740 1504 col-

995 1515 1109 1561 leyam
1146 1526 1252 1550 suam
1293 1515 1481 1551 Tiberium
1526 1527 1742 1562 nuncupare

995 1563 1119 1598 iussit:
1133 1574 1218 1597 nam
1232 1574 1277 1606 se,
1295 1575 1512 1608 quamquam
1527 1565 1741 1608 conscriptis

988 1611 1206 1655 paratisque
1230 1611 1305 1645 iam
1331 1611 1480 1655 tabulis,
1499 1613 1645 1657 nechit
1663 1623 1740 1647 sus-

995 1662 1182 1701 cepturum
1213 1669 1305 1702 quae
1333 1669 1408 1693 non
1433 1663 1519 1694 esset
1543 1660 1738 1695 soluturus.

993 1704 1042 1739 Es
1062 1704 1113 1740 ist
1132 1705 1439 1740 wahrscheinlich
1461 1706 1542 1741 eine
1563 1707 1629 1741 der
1651 1706 1739 1742 viel-

993 1753 1197 1787 besuchten
1236 1752 1413 1788 Portiken
1454 1754 1543 1789 odor
1576 1754 1739 1799 Spazier-

991 1800 1119 1835 hallen
1157 1801 1222 1835 des
1259 1800 1495 1846 Marsseldes,
1534 1802 1567 1838 d.
1600 1803 1635 1837 h.
1674 1802 1739 1836 der

991 1846 1143 1892 Tempel
1165 1848 1213 1882 im
1235 1847 1447 1893 Marsfelde,
1468 1860 1512 1883 zu
1529 1850 1735 1886 verstchcn.

1040 1910 1106 1942 101
1127 1908 1354 1943 hecatomben
1378 1919 1448 1942 von
1470 1908 1614 1943 Stieren
1636 1908 1738 1953 (Hor.

990 1954 1040 1989 ΠΙ
1062 1958 1118 1998 14,
1140 1959 1159 1989 ’1
1180 1966 1254 1990 non
1279 1956 1312 1990 si
1331 1956 1481 1991 trecenis
1500 1957 1624 2001 places
1646 1957 1736 1991 Plu-

989 2006 1077 2037 tona
1110 2004 1263 2047 tauris),
1296 2003 1337 2048 ja
1369 2015 1475 2038 wenn
1509 2015 1547 2038 es
1574 2003 1738 2049 moglich

988 2054 1097 2093 ware,
1125 2061 1198 2084 von
1225 2050 1433 2086 Elefanten.

1038 2112 1106 2143 104
1128 2109 1199 2144 Der
1218 2109 1300 2144 Abl.
1329 2108 1545 2144 bezeichuet
1565 2109 1635 2143 den
1658 2110 1734 2153 Ort,

988 2167 1059 2190 von
1086 2156 1168 2191 dem
1196 2156 1262 2191 her
1288 2159 1405 2192 etwas
1432 2157 1593 2199 konunt,
1625 2157 1732 2202 Vei-g.

988 2215 1114 2248 georg.
1152 2204 1186 2238 ΙΙ
1219 2209 1286 2240 130
1324 2205 1509 2240 ααωίῖἱιωη
1553 2206 1650 2240 venit
1691 2218 1733 2240 ac

987 2252 1152 2287 membris
1188 2253 1264 2296 ayit
1300 2257 1384 2287 atra
1417 2263 1572 2294 venena,
1597 2251 1684 2287 Hor.
1707 2266 1733 2286 s.

989 2299 1020 2332 11
1041 2303 1074 2342 2,
1098 2303 1163 2334 120
1178 2301 1343 2344 piscibus
1363 2300 1450 2335 urbe
1463 2301 1603 2344 petitis,
1622 2299 1733 2345 Vcrg.

987 2345 1053 2381 XII
1087 2350 1154 2381 516
1198 2348 1332 2390 fratres
1375 2348 1493 2393 Lycia
1536 2349 1662 2383 missos
1704 2352 1735 2383 et

986 2395 1173 2439 Apollinis
1199 2397 1308 2431 arvis.

1038 2457 1104 2489 106
1132 2454 1205 2489 Das
1224 2455 1430 2500 Jagdrccht
1455 2466 1531 2489 war
1550 2453 1601 2489 im
1622 2455 1732 2490 romi-

988 2501 1101 2536 schen
1141 2501 1278 2537 Reiche
1321 2503 1617 2545 unbesehrankt,
1662 2514 1731 2536 nur

988 2547 1054 2583 der
1084 2549 1207 2584 Besitz
1242 2561 1314 2585 von
1347 2549 1542 2585 Elefanten
1570 2560 1646 2584 war
1672 2549 1730 2584 ein

987 2596 1286 2632 ausschliesslieh
1296 2597 1538 2633 kaiserliches
1553 2597 1733 2632 Vorrecht

986 2644 1199 2690 (armentum
1223 2644 1414 2689 Caesaris),
1435 2644 1583 2690 Vopisc.
1608 2644 1730 2680 Aurel.

987 2695 1018 2734 5,
1046 2695 1066 2726 6
1093 2693 1249 2728 donatus
1281 2693 1392 2728 eidem
1424 2694 1467 2738 (a
1491 2704 1571 2737 φερε
1599 2692 1729 2727 Persa-

984 2740 1084 2783 rum)
1117 2740 1327 2785 elephantus
1355 2741 1596 2784 praecipuus,
1630 2751 1731 2785 quem

984 2787 1046 2821 ille
1070 2787 1283 2832 imperatori
1305 2788 1447 2830 obtulit,
1472 2788 1639 2832 solusque
1658 2798 1730 2822 om-

984 2835 1088 2868 nium
1108 2836 1280 2878 privatus
1300 2835 1528 2870 Aurelianus
1551 2836 1732 2880 elephanti

984 2882 1152 2916 (lominus
1175 2882 1260 2924 fuit.

1034 2943 1100 2974 108
1132 2941 1209 2984 γεμί
1237 2940 1412 2983 Molosso,
1447 2945 1509 2985 14,
1539 2945 1604 2977 162
1635 2942 1728 2988 Pyr-

983 2999 1063 3022 rum
1090 2988 1280 3023 immanem
1305 2989 1514 3035 ylacliosqac
1540 2989 1727 3026 Molossos.
