2036 3406
185 1678 323 1713 ,toris

760 219 888 256 LIBRI
913 220 945 254 11
995 219 1188 256 SATVRA
1218 219 1266 255 VI
1737 223 1792 262 59

233 331 268 371 si
301 331 413 372 ratio
445 333 510 370 est
543 333 585 369 et
617 329 812 382 honesta,
844 331 1001 372 timent
1032 331 1272 386 pavidoque
1305 331 1507 385 gelantur
1749 343 1792 372 95

232 393 404 443 pectore
436 402 513 429 nec
546 389 742 430 tremulis
777 394 957 442 possunt
989 391 1188 432 insistere
1221 391 1401 445 plantis:

230 450 386 490 fortem
422 449 611 488 animum
635 453 870 502 *praestant
902 449 1039 494 rebus,
1073 464 1179 503 quas
1212 451 1396 503 turpiter
1428 449 1597 490 audent.

231 508 267 549 si
299 508 447 548 iubeat
479 508 683 559 coniunx,
715 508 867 548 durum
901 513 966 549 est
998 509 1280 550 conscendere.
1314 523 1484 560 navem,

230 570 333 608 tunc
365 566 534 607 sentina
567 567 728 620 gravis,
761 572 863 607 tunc
897 581 1088 608 summus
1120 568 1305 609 vertitur
1337 582 1425 609 aer:

229 640 338 681 quac
371 624 595 666 moechum
630 625 832 679 sequitur,
864 625 1086 666 stomacho
1119 627 1243 667 valet.
1294 627 1370 668 illa
1402 627 1603 668 maritum
1730 639 1794 668 100

229 685 466 738 convomit,
498 684 603 725 haec
635 685 749 725 inter
779 687 933 725 nautas
966 689 1009 725 et
1040 685 1219 738 prandet
1251 689 1295 727 et
1327 690 1442 727 errat

232 758 308 799 per
339 758 525 798 puppem
560 747 603 784 et
635 743 765 784 duros
797 743 955 797 gaudet
986 746 1175 785 tractare
1207 745 1420 786 rudentes.

231 818 316 858 qua
346 807 490 844 tamen
523 803 683 843 exarsit
714 802 872 854 forma,
904 817 988 856 qua
1020 806 1147 857 capta
1178 804 1355 844 iuventa

230 862 402 917 Eppia?
434 861 534 916 quid
568 860 694 914 vidit,
725 864 901 915 propter
933 862 1045 916 quod
1076 862 1193 903 ludia
1226 863 1307 904 dici

231 921 468 963 sustinuit?
500 934 600 961 113111
633 918 854 975 Sergiolus
885 921 971 961 iam
1002 921 1153 962 radere
1186 926 1338 976 guttur
1728 935 1794 964 105

230 983 434 1034 coeperat
466 984 510 1020 et
541 983 659 1021 secto
691 980 883 1034 requiem
916 994 1088 1034 sperare
1114 981 1294 1033 lacerto,

230 1042 456 1094 praeterea
487 1038 624 1080 multa
655 1039 699 1079 in
730 1038 842 1086 facie
875 1039 1103 1093 deformia,
1136 1041 1249 1082 sicut

231 1099 407 1141 attritus
438 1099 563 1154 galea
594 1098 832 1152 mediisque
862 1099 907 1140 in
937 1099 1115 1141 naribus
1144 1100 1298 1155 ingens

231 1158 390 1213 gibbus
422 1162 466 1199 et
497 1171 593 1199 acre
625 1158 786 1198 malum
819 1172 987 1213 semper
1019 1159 1224 1200 stillantis
1258 1160 1391 1202 ocelli.

232 1218 307 1259 sed
338 1217 555 1274 gladiator
587 1221 690 1258 erat.
739 1217 846 1259 facit
877 1217 958 1260 hoc
989 1217 1088 1260 iHos
1121 1217 1411 1274 Hyacinthos,
1697 1252 1700 1255 -
1731 1232 1797 1263 110

327 1337 395 1369 104
419 1333 529 1378 enpia
556 1332 594 1367 P

230 1439 361 1485 Eppia
384 1439 522 1474 wahlte
554 1440 653 1475 wohl
684 1441 782 1475 auch
815 1441 978 1476 3118181115-

232 1488 308 1522 lich
333 1487 438 1522 nieht
463 1487 533 1522 den
559 1487 781 1532 gerades‘ten
807 1489 915 1533 Weg.

279 1538 324 1570 95
360 1535 480 1578 ratio,
503 1545 548 1568 zu
574 1538 606 1578 7,
635 1548 663 1569 1.
691 1556 735 1560 -
757 1537 896 1581 pavido
920 1547 977 1581 ye-

230 1583 357 1617 lantur
375 1586 519 1627 pectore
543 1581 768 1626 (Gegensatz
796 1586 980 1619 constanti

226 1631 386 1674 pectore)
412 1646 458 1658 =
482 1633 524 1664 ut
548 1630 630 1675 ,πῖθι
660 1631 714 1666 sic
740 1642 877 1676 paz-ore
897 1642 979 1676 pec-

349 1680 503 1724 torpent.

279 1728 324 1760 97
361 1723 523 1759 Ahnlich
550 1728 618 1759 -285
643 1725 739 1760 iram
765 1729 872 1771 atque
897 1728 977 1761 ani-

230 1782 307 1807 mos
337 1784 361 1807 a
391 1772 543 1808 crimine
579 1776 737 1807 sumunt.
789 1773 856 1808 Die
889 1774 977 1808 Um-

233 1819 458 1864 schreibnng
501 1820 565 1854 des
610 1820 979 1866 Substantivbegriffs

232 1867 339 1902 robus
361 1878 454 1912 quas
471 1867 628 1912 turpiter
647 1868 783 1903 audent
808 1869 978 1904 erlaubte

232 1913 314 1950 sich
342 1914 426 1950 Juv.
453 1914 591 1949 ebenso
623 1919 662 1959 8,
690 1919 756 1950 165
795 1917 896 1952 breve
932 1918 980 1951 sit

232 1962 330 2007 quod
352 1962 510 2007 turpiter
535 1963 657 1998 audes.

281 2013 327 2044 98
370 2010 503 2044 durum
541 2014 593 2045 est
634 2010 705 2045 mit
744 2011 866 2054 Infin.,
910 2011 979 2045 wie

232 2055 320 2092 Hor.
347 2068 376 2092 s.
403 2057 417 2091 l
443 2060 481 2098 9,
509 2060 554 2091 42
587 2068 666 2102 eqo,
697 2062 741 2093 ut
771 2059 980 2094 contendere

233 2105 368 2139 dmm
393 2105 472 2148 (est)
499 2115 579 2139 cum
597 2106 742 2147 victore,
767 2116 905 2150 sequor,
931 2107 981 2140 ist

233 2163 278 2186 zu
297 2165 302 2168 ·
321 2151 550 2195 gefahrlich,
594 2151 777 2187 erfordert
820 2165 865 2188 zu
905 2152 980 2187 viel

233 2199 389 2234 durities
413 2200 550 2240 animi,·
576 2198 651 2243 vgl.
680 2198 783 2235 Caes.
810 2201 844 2234 b.
872 2212 900 2235 c.
929 2199 981 2234 111

234 2250 292 2290 94,
311 2251 332 2281 6
357 2246 392 2280 si
414 2247 505 2291 quid
529 2246 663 2281 durius
680 2248 865 2290 acciderit,
890 2249 926 2282 b.
944 2259 979 2292 g.

236 2293 253 2327 I
270 2296 329 2337 48,
349 2297 370 2328 6
395 2293 446 2335 hi,
471 2295 505 2328 si
523 2295 612 2339 quid
637 2299 715 2330 erat
734 2295 879 2338 durius,
897 2306 979 2331 con-

233 2341 450 2384 currebant,
480 2341 521 2375 in
555 2341 836 2385 schwierigerer
868 2342 979 2387 Lage.

218 2404 227 2408 -
282 2392 328 2424 99
353 2399 417 2423 aer
434 2389 602 2432 vertitur,
622 2389 691 2423 wie
705 2388 814 2425 Plato
831 2390 980 2425 Phaedo

233 2439 307 2471 '290
344 2433 568 2478 ταράττεται
602 2437 665 2470 καὶ
704 2435 859 2485 ἰλιγγιᾷ,
893 2439 982 2472 oder

233 2483 333 2518 nach
365 2487 436 2518 304
465 2484 642 2530 vertigine
675 2486 799 2519 omnia
825 2494 883 2528 (ε
904 2487 980 2529 aer)

233 2531 421 2566 ambulare
443 2530 626 2566 videntur.

283 2581 352 2613 100
364 2589 419 2622 sq.
449 2578 519 2613 {aa
542 2578 619 2613 und
642 2579 729 2614 haec
753 2579 981 2614 bezeichnen

233 2624 342 2660 beide
367 2624 531 2660 dieselbe
557 2624 736 2671 Gattung.

282 2675 350 2707 102
387 2672 522 2717 gaudet
551 2676 710 2708 tractare
740 2675 907 2709 rudentis
930 2674 982 2708 ist

234 2719 467 2764 Auspielung
485 2719 553 2754 auf
567 2719 679 2763 Verg.
693 2720 728 2754 H
748 2724 815 2756 239
836 2723 982 2757 scandit

231 2767 362 2810 fatalis
390 2766 563 2802 machina
593 2778 716 2803 mwros
739 2769 815 2811 feta
850 2770 981 2804 armis.-

229 2815 341 2858 μιαί
377 2814 515 2848 circum
557 2815 805 2860 innuptaeqiae
835 2817 981 2860 puellae

232 2872 342 2897 sacra
372 2864 512 2896 canunt
535 2861 727 2908 funemque
759 2874 873 2898 manu
898 2874 980 2899 ccm-

232 2910 374 2954 tinqere
397 2908 568 2953 qaudent.

284 2959 352 2991 103
388 2967 464 3001 qua
491 2959 632 2998 tamen,
663 2957 733 2991 wie
765 2960 797 2998 5,
824 2962 886 3001 24,
921 2959 982 2993 ffir

235 3002 299 3039 die
309 3003 754 3049 prosaisch-rhetorische
762 3003 979 3051 Wendung:

1051 1446 1090 1476 at
1120 1454 1194 1487 qua
1223 1443 1289 1477 illa
1321 1443 1442 1486 forma
1473 1445 1631 1478 exarsit!
1663 1466 1707 1470 —
1740 1447 1796 1480 iu-

1050 1494 1158 1524 venta
1185 1489 1570 1535 ‘Jugendschonheit’.

1103 1553 1170 1584 104
1204 1550 1320 1593 lud-ia,
1349 1550 1421 1594 vgl.
1450 1554 1528 1595 266,
1556 1550 1664 1586 Mart.
1693 1552 1725 1585 V
1752 1557 1797 1587 24

1052 1597 1203 1632 Hermes
1245 1608 1337 1632 cura
1380 1598 1548 1643 laborque
1599 1599 1796 1635 ludim-um.

1052 1644 1157 1679 Nach
1186 1648 1252 1679 112
1280 1656 1356 1679 war
1382 1645 1448 1679 der
1473 1646 1591 1681 Name
1618 1647 1682 1682 des
1710 1647 1795 1683 Gla-

1052 1692 1193 1727 diators
1219 1692 1389 1737 Sergium
1415 1693 1480 1728 das
1509 1693 1724 1729 Deminutiv
1753 1713 1797 1724 =

1052 1739 1165 1774 bellus
1189 1739 1349 1785 Sergius.

1101 1791 1168 1822 105
1205 1789 1332 1823 radere
1365 1789 1429 1832 (sc.
1454 1790 1653 1832 novacula,
1687 1791 1798 1838 ξυρῷ)

1051 1838 1200 1879 quitur,
1224 1846 1264 1870 er
1288 1847 1366 1871 war
1390 1836 1468 1871 also
1494 1837 1587 1871 fiber
1612 1840 1658 1872 40
1684 1838 1797 1872 Jahre

1053 1882 1118 1926 alt,
1145 1883 1219 1927 vgl.
1246 1886 1316 1918 215
1341 1883 1418 1918 und
1444 1896 1487 1918 zu
1513 1886 1546 1927 8,
1577 1888 1654 1919 166.

1102 1938 1169 1970 106
1207 1940 1299 1972 secto
1327 1937 1551 1979 ‘verhauem
1581 1939 1798 1983 zerhauen⁷,

1053 1981 1126 2026 vgl.
1153 1983 1283 2019 Horat.
1311 1985 1419 2028 epod.
1447 1988 1485 2027 4,
1514 1988 1555 2018 11
1581 1990 1698 2021 sectus
1730 1989 1793 2030 sla·

1051 2030 1154 2074 yellis
1178 2031 1237 2066 hic
1256 2032 1560 2075 triumviralibus,
1586 2032 1646 2066 fiir
1664 2045 1798 2069 caesa-s.

1103 2093 1167 2124 107
1194 2091 1289 2125 sicut
1317 2091 1415 2125 ‘zum
1435 2091 1626 2135 Beispiel',
1647 2092 1796 2128 {ihnlich

1053 2136 1121 2171 wie
1149 2142 1203 2180 15,
1231 2141 1275 2173 98
1302 2137 1519 2182 gebraucht.

1103 2193 1168 2225 109
1206 2192 1336 2235 yibbus
1361 2191 1583 2235 Erhohung,
1610 2191 1691 2226 hier
1716 2193 1798 2227 eine

1052 2239 1122 2272 Art
1147 2238 1276 2283 Polyp,
1304 2239 1378 2283 vgl.
1408 2243 1463 2282 10,
1489 2242 1558 2273 309
1581 2244 1797 2280 strumosum

1053 2289 1160 2330 atque
1179 2291 1279 2321 utero
1298 2288 1444 2331 pariter
1468 2287 1643 2331 yibboque
1663 2292 1798 2322 tumen-

1053 2337 1137 2375 tem,
1174 2337 1234 2377 10,
1261 2338 1331 2368 294
1364 2338 1508 2379 cuperet
1531 2333 1682 2369 Rufflae
1715 2335 1799 2370 Ver-

1052 2381 1159 2426 ginia
1200 2382 1348 2425 yz'bbum
1388 2383 1558 2425 accipere.
1597 2403 1645 2406 —
1687 2383 1799 2425 ocelli,

1054 2428 1129 2472 vgl.
1158 2432 1235 2463 145.
1286 2428 1360 2464 Der
1397 2429 1593 2463 Ausdruek
1630 2429 1682 2464 ist
1720 2430 1800 2464 hier

1054 2475 1234 2518 ironisch,
1261 2476 1346 2511 weil
1371 2477 1502 2512 ocellus
1531 2477 1570 2510 in
1598 2476 1663 2510 der
1688 2476 1799 2512 eroti-

1054 2523 1166 2557 schen
1191 2522 1322 2558 Poesie
1354 2536 1416 2558 zur
1443 2523 1703 2568 Bezeichnung
1734 2525 1799 2559 des

1054 2570 1261 2605 verliebten
1280 2570 1405 2615 Auges
1431 2571 1668 2616 gewohnlich
1693 2582 1781 2606 war.

1104 2632 1171 2662 110
1197 2628 1436 2674 Hyacinthus
1455 2641 1531 2664 war
1551 2629 1616 2664 der
1634 2629 1798 2673 geliebte

1054 2675 1184 2710 Knabe
1222 2676 1286 2711 des
1317 2677 1470 2722 Apollo,
1503 2676 1574 2711 den
1614 2676 1680 2711 der
1711 2677 1801 2713 Gott

1052 2723 1310 2769 unvorsichtig
1326 2725 1394 2760 mit
1408 2725 1491 2759 dem
1506 2723 1641 2758 Diskus
1655 2724 1799 2759 todlich

1052 2770 1144 2813 traf;
1183 2771 1247 2805 der
1284 2771 1403 2806 Name
1440 2771 1672 2815 Hyacinthus
1710 2772 1800 2807 oder

1053 2818 1248 2852 Narcissus
1274 2819 1362 2853 oder
1382 2818 1497 2864 Hylas
1525 2819 1648 2853 wurde
1673 2818 1712 2853 111
1733 2819 1799 2854 der

1052 2863 1259 2899 Kaiserzeit
1278 2865 1406 2912 haufig
1426 2866 1495 2900 den
1511 2867 1622 2910 pueri
1640 2867 1799 2911 delicati,

1054 2912 1124 2946 den
1168 2913 1302 2953 παῖδες
1345 2910 1476 2958 ὡραῖοι
1520 2913 1584 2947 καὶ
1627 2914 1798 2959 κομῆται,

1054 2958 1260 3004 beigelegt3
1298 2961 1378 2996 ihre
1405 2961 1561 2996 Statuen
1587 2960 1715 3005 galten
1742 2961 1799 2996 als

1054 3006 1183 3052 Typen
1204 3006 1466 3054 jugendlicher
1495 3006 1707 3044 Schssnheit.

1497 3068 1514 3085 8

1465 3072 1483 3102 7
