2068 3374
324 185 408 226 268
980 185 1242 220 IVVENALIS

323 309 419 336 011111
452 295 636 336 subeunt
670 295 838 336 animos
872 294 1133 337 auctoribus.
1184 309 1291 336 1111113
1325 298 1369 337 et
1401 297 1510 339 alter

322 354 506 395 forsitan
538 354 643 395 haec
678 356 886 407 spernant
917 354 1110 408 iuvenes,
1144 353 1297 409 quibus
1331 358 1422 397 arte
1455 357 1642 413 benigna

324 419 365 454 et
397 413 574 454 meliore
606 413 698 454 luto
732 413 857 454 finxit
888 414 1139 467 praecordia
1171 413 1317 468 Titan,
1843 427 1888 459 35

324 472 398 514 sed
430 472 618 527 reliquos
652 472 857 527 fugienda
888 475 1065 527 patrum
1097 473 1282 527 vestigia
1315 473 1476 516 ducunt

325 534 367 573 et
399 534 644 572 monstrata
677 531 749 572 diu
780 532 939 573 veteris
971 532 1110 573 trahit
1142 532 1285 574 orbita
1318 533 1480 588 culpae.

323 591 542 632 abstineas
568 591 710 646 igitur
743 591 1010 632 damnandis.
1061 591 1188 633 huius
1222 592 1337 634 enim
1368 593 1437 634 vel

322 664 406 691 una
438 652 591 704 potens
624 651 736 692 ratio
772 653 853 706 est,
885 666 938 692 ne
971 651 1152 692 crimina
1183 654 1333 693 nostra
1365 654 1602 707 sequantur

322 724 371 750 ex
405 709 530 750 nobis
563 710 719 764 geniti,
752 711 957 765 quoniam
990 711 1147 752 dociles
1179 710 1401 753 imitandis
1844 725 1887 755 40

321 769 519 823 turpibus
553 783 600 810 ac
633 769 778 823 pravis
812 785 960 812 omnes
995 785 1159 822 sumus,
1192 773 1235 812 et
1268 769 1499 812 Catilinam

321 843 587 883 quocumque
619 829 662 869 in
694 830 853 883 populo
888 829 1051 885 videas,
1084 845 1352 885 quocumque
1386 831 1464 872 sub
1498 846 1594 885 axe,

321 888 394 928 sed
426 902 504 929 1130
535 887 695 929 Brutus
730 889 829 943 erit,
863 888 986 930 Bruti
1019 904 1095 931 nec
1130 890 1363 932 avunculus
1396 905 1612 945 umquam.

319 947 381 987 nil
414 947 529 988 (lictu
562 947 732 989 foedum
765 948 942 1002 visuque
975 948 1081 990 haec
1115 949 1265 991 limina
1296 952 1467 1005 tangat,

319 1006 434 1047 intra
466 1021 572 1061 quae
605 1009 728 1060 pater
761 1010 843 1061 est3
876 1009 1044 1062 procul,
1078 1023 1103 1049 a
1133 1009 1283 1063 procul
1315 1009 1413 1050 inde
1446 1010 1616 1064 puellae
1841 1022 1886 1052 45

319 1066 523 1106 lenonum
556 1068 598 1107 et
631 1068 784 1108 cantus
817 1067 1113 1121 pernoctantis
1146 1068 1341 1122 parasiti.

320 1124 506 1166 maxima
539 1125 717 1166 debetur
750 1141 882 1180 puero
915 1127 1174 1181 reverentia,
1208 1127 1351 1181 siquid

319 1187 443 1239 turpe
476 1199 620 1239 paraS,
653 1199 731 1226 1130
763 1190 811 1227 tu
844 1186 965 1240 pueri
999 1187 1307 1241 contempseris
1341 1201 1496 1242 annos,

320 1244 392 1285 sed
424 1246 651 1299 peccaturo
687 1245 832 1286 obstet
863 1245 944 1286 tibi
976 1245 1092 1287 filius
1124 1245 1280 1288 infans.

320 1318 418 1344 nam
453 1304 487 1344 si
520 1304 622 1358 quid
656 1304 834 1359 dignum
868 1305 1059 1347 censoris
1092 1305 1245 1347 feeerit
1276 1306 1340 1347 ira
1843 1318 1888 1348 50

1439 1439 1482 1470 39
1509 1447 1578 1470 1130
1603 1436 1640 1470 P
1733 1439 1779 1470 43
1807 1447 1888 1470 um—

1488 1495 1510 1518 a
1550 1483 1714 1531 Camerq
1737 1495 1781 1519 ac
1817 1484 1887 1517 Ρω

413 1436 457 1467 33
484 1433 643 1467 subeant
669 1447 696 1467 ω
765 1433 899 1468 animis
926 1434 962 1468 P

317 1492 428 1524 quam
461 1481 511 1516 P:
548 1491 706 1525 nsquam
739 1493 801 1526 2)oe
913 1484 958 1516 45
993 1493 1085 1526 puer
1121 1494 1142 1520 ς

318 1532 362 1563 48
391 1541 437 1563 ne
465 1539 485 1566 ς

1055 1435 1099 1468 3'4
1126 1436 1277 1479 sperant
1305 1435 1343 1469 P

1247 1494 1285 1518 es
1322 1482 1382 1518 S?

365 1651 408 1682 33
448 1658 529 1682 eum
563 1675 598 1683 ..
631 1649 788 1684 subeunt
820 1665 864 1676 =
897 1659 935 1683 eo
972 1649 1068 1693 quod

1143 1648 1254 1684 Catos
1289 1650 1499 1685 Schwester
1531 1649 1691 1685 Servilia
1726 1661 1802 1685 war
1827 1649 1888 1685 die

316 1695 480 1730 subeunt.
511 1716 552 1721 —
586 1707 684 1731 unus
717 1700 749 1731 ct
781 1697 872 1731 alter
904 1696 973 1731 mit
998 1696 1067 1731 fol-
1919 1704 1927 1707 ·

1140 1697 1281 1732 Mutter
1307 1698 1370 1732 des
1398 1698 1544 1732 Brutus

316 1743 476 1787 gendem
504 1743 630 1777 Plural
658 1743 722 1777 des
750 1743 969 1788 Pradikats,
997 1744 1067 1779 wie

317 1790 415 1826 Curt.
444 1790 476 1824 V
503 1794 535 1834 7,
562 1795 583 1825 4
610 1802 707 1826 unus
733 1795 766 1826 et
791 1792 901 1834 alter,
927 1795 959 1827 et
994 1793 1068 1837 ipsi

316 1849 411 1873 mero
437 1840 591 1881 onerati,
617 1840 889 1874 adsentiuntur.

365 1889 410 1920 35
436 1886 580 1921 meliore
606 1887 694 1930 luto,
721 1898 764 1920 zu
790 1891 823 1931 4,
853 1891 931 1921 133.

365 1937 410 1968 36
443 1934 623 1979 fuyienda
661 1936 801 1970 ducunt
851 1935 980 1970 ziehen
1019 1947 1065 1970 an

317 1982 410 2016 statt
437 1981 685 2017 abzustossen.

364 2032 408 2063 37
435 2030 556 2064 orbita
570 2030 708 2074 culpae,
723 2029 783 2065 die
795 2029 1066 2075 eingedrfickte

319 2076 426 2121 Spar,
453 2077 518 2111 das
545 2076 709 2122 Beispiel
737 2077 802 2112 der
828 2078 963 2114 Siinde.

364 2128 408 2159 38
435 2125 677 2167 damnandis,
703 2124 762 2160 die
789 2124 1064 2162 Substantivie-

314 2184 411 2217 rung
449 2171 512 2207 des
551 2172 804 2207 Gerundivum
844 2173 895 2208 ist
932 2174 1062 2219 selten,

317 2220 463 2254 kommt
489 2219 578 2255 aber
603 2231 675 2255 von
702 2219 830 2255 Livius
858 2232 905 2256 an
936 2222 975 2256 in
1001 2222 1066 2256 der

317 2267 523 2302 Kaiserzeit
540 2268 708 2313 h'aufiger
723 2280 799 2312 vor,
819 2268 894 2314 vgl.
910 2270 1065 2314 Nagels-

317 2315 412 2349 bach
441 2314 522 2350 Stil.
550 2318 606 2359 28,
634 2320 665 2349 2.
696 2336 737 2340 -—
765 2317 875 2351 huius
900 2317 951 2351 ist
972 2318 1064 2352 Gen.

316 2365 454 2405 neutr„
482 2363 551 2396 wie
578 2364 655 2398 eius
681 2362 742 2397 bei
769 2363 847 2398 Liv.
875 2364 909 2397 H
935 2369 992 2407 47,
1021 2370 1063 2400 12

314 2421 427 2455 neque
464 2411 646 2445 immemor
684 2412 780 2455 eius,
817 2413 913 2456 quod
956 2414 1065 2448 initio

315 2459 527 2492 consulatus
541 2459 743 2501 imbiberat,
755 2459 844 2493 aber
854 2458 934 2494 hier
948 2460 1064 2495 durch

316 2506 387 2539 den
414 2505 647 2540 Relativsatz
674 2507 848 2550 gestiitzt.

363 2557 408 2587 40
434 2554 520 2588 Hor.
538 2564 593 2597 ep.
614 2553 630 2587 Ι
653 2557 706 2597 19,
727 2558 769 2588 17
797 2555 932 2599 decipit
951 2566 1063 2590 0000111-

309 2601 398 2645 plar
431 2602 533 2636 vitiis
566 2602 761 2645 imitabile,
794 2601 887 2636 dazn
918 2602 1064 2637 kommt

315 2648 375 2682 die
407 2648 619 2683 natfirliche
652 2647 827 2694 Neigung
863 2650 927 2684 des
962 2651 1063 2685 Men-

316 2697 429 2731 schen
449 2707 531 2730 zum
547 2695 769 2731 Schlechten
790 2697 865 2731 und
880 2697 1063 2732 Verkehr-

314 2746 389 2787 ten,
411 2745 461 2779 acl
479 2744 661 2779 deteriora
679 2745 806 2787 faciles
826 2755 950 2780 sumus
977 2745 1061 2780 Sen.

316 2802 371 2835 ep.
401 2795 458 2833 97,
488 2795 541 2827 10.

363 2843 408 2872 43
435 2839 562 2873 Manil.
577 2838 627 2872 IV
648 2843 692 2874 86
717 2839 821 2885 Quod
841 2840 973 2875 Decios
988 2851 1064 2876 non

315 2896 416 2920 omne
442 2888 538 2931 tulit,
563 2898 637 2922 non
663 2898 763 2922 omne
785 2888 958 2923 Camillos
982 2892 1063 2924 tem-

309 2944 396 2977 pus,
424 2933 549 2969 Seneo.
573 2945 629 2979 ep
651 2938 706 2977 97,
730 2938 773 2970 10
800 2946 902 2971 omne
927 2940 1064 2981 tempus

319 2979 474 3025 Clodios,
502 2993 575 3018 non
601 2994 702 3018 omne
723 2983 875 3018 Catones
900 2984 999 3027 feret.
1019 3005 1061 3009 —-

1189 1748 1235 1779 44
1263 1745 1386 1792 [Tae]
1401 1745 1487 1780 dial.
1503 1749 1549 1781 28
1568 1746 1768 1791 eligebatur
1781 1746 1890 1781 etiam

1139 1794 1257 1828 maior
1271 1793 1399 1838 aliqua
1413 1797 1506 1828 natu
1522 1794 1748 1839 propinqua,
1766 1803 1888 1829 coram

1140 1852 1211 1885 qua
1226 1852 1338 1885 neque
1357 1841 1476 1876 dicere
1493 1841 1554 1885 fas
1573 1844 1652 1876 erat
1670 1842 1766 1886 quod
1785 1845 1890 1886 turpe

1140 1889 1253 1932 dictu,
1278 1899 1390 1933 neque
1408 1889 1526 1932 facere
1545 1889 1641 1934 quod
1659 1889 1888 1924 inhonestum

1141 1936 1242 1971 factu
1269 1937 1463 1971 videretur.
1503 1935 1626 1978 Quint.
1654 1937 1669 1970 I
1701 1940 1740 1980 2,
1767 1939 1788 1971 8
1824 1947 1887 1972 nec

1139 1984 1290 2018 mirum:
1333 1994 1399 2018 nos
1441 1985 1652 2028 docuimus,
1696 1994 1740 2018 ex
1783 1985 1888 2019 nobis

1139 2032 1310 2074 audiunt,
1329 2035 1474 2067 nostras
1488 2032 1637 2074 amicas,
1650 2035 1793 2067 nostros
1806 2043 1886 2067 con—

1138 2080 1290 2114 cubinos
1314 2080 1449 2122 vident,
1474 2089 1576 2114 omne
1597 2079 1802 2115 convivium
1827 2080 1886 2115 ob-

1137 2128 1278 2163 scaenis
1286 2128 1440 2162 canticis
1452 2128 1591 2172 strepit,
1596 2127 1774 2172 pudenda
1786 2127 1888 2163 dictu

1137 2178 1357 2220 spectantur.
1406 2175 1449 2218 fit
1485 2186 1529 2209 ex
1565 2175 1622 2210 his
1656 2176 1887 2219 consuetudo,

1137 2223 1222 2258 inde
1259 2226 1408 2258 natura.
1447 2223 1594 2258 discunt
1630 2223 1717 2258 haec
1753 2223 1887 2266 miseri,

1138 2274 1332 2316 antequam
1357 2271 1479 2306 sciant
1502 2271 1596 2305 vitia
1616 2281 1704 2306 esse.-
1728 2271 1814 2306 inde
1831 2281 1885 2306 so-

1139 2319 1209 2353 luti
1246 2329 1290 2353 ae
1325 2319 1475 2362 fluentes
1506 2329 1580 2354 non
1615 2318 1806 2364 accipiunt
1842 2329 1887 2353 ex

1137 2366 1267 2401 scholis
1288 2366 1386 2400 mala
1405 2367 1491 2410 ista,
1516 2367 1577 2401 sed
1596 2366 1638 2401 in
1662 2367 1802 2401 scholas
1821 2366 1884 2401 ad-

1137 2415 1270 2457 ferunt.

1185 2464 1230 2496 45
1258 2461 1364 2496 Ovid.
1390 2462 1477 2496 met.
1504 2460 1572 2495 XV
1592 2463 1658 2496 587
1687 2460 1842 2505 ‘procul,
1862 2473 1886 2496 a

1132 2510 1265 2554 procul
1290 2508 1434 2544 omina'
1463 2507 1790 2553 dimit,Verg.V1
1815 2511 1885 2544 258

1140 2557 1285 2601 ‘procul
1308 2568 1328 2591 o
1355 2556 1488 2608 procul
1512 2559 1581 2591 este
1605 2557 1773 2600 profani'
1803 2567 1884 2591 con-

1137 2606 1270 2640 clamat
1297 2607 1412 2646 vates,
1438 2615 1508 2638 w1e
1534 2614 1622 2638 man
1646 2603 1698 2638 im
1718 2603 1884 2661 griechi-

1137 2651 1249 2687 3011311
1287 2651 1423 2685 Kultus
1465 2647 1753 2692 3113113ῐεὲκὰς
1797 2647 1885 2692 ἑκὰς

1137 2696 1237 2740 ὅστις
1263 2696 1412 2756 αλιτρός
1440 2697 1607 2741 (Kallim.
1633 2697 1673 2733 in
1698 2698 1820 2744 Apoll.
1849 2701 1884 2743 2)

1138 2747 1225 2781 oder
1264 2743 1352 2786 ἑκὰς
1390 2742 1478 2786 ἑκὰς
1517 2744 1688 2793 βέβηλοι,
1727 2747 1821 2782 Stat.
1855 2758 1883 2782 3.

1136 2794 1188 2828 III
1209 2798 1306 2839 3,13
1331 2795 1460 2839 procul
1485 2794 1572 2829 hinc
1594 2795 1724 2840 procul
1748 2795 1797 2830 ite
1822 2805 1886 2830 no·

1136 2824 1261 2878 centes.
1295 2871 1301 2877 .

1184 2895 1229 2926 48
1262 2891 1336 2924 Das
1361 2889 1583 2934 imperative
1608 2893 1650 2925 tu
1677 2888 1885 2935 gebraucht

1136 2938 1216 2973 Juv.
1247 2938 1332 2973 sehr
1356 2949 1463 2983 gern,
1490 2937 1563 2983 vgl.
1590 2941 1623 2982 2,
1651 2941 1705 2974 61.
1742 2941 1774 2981 8,
1801 2940 1880 2973 228.

1138 2989 1169 3030 9,
1194 2990 1270 3021 131.
1301 2989 1354 3029 10,
1376 2989 1455 3021 342.
