2036 3406
712 206 841 242 LIBRI
867 206 918 241 lv
968 206 1160 243 SATVRA
1188 207 1217 241 X

249 315 319 358 ‘da
351 316 539 371 spatium
574 316 698 368 vitae,
730 316 888 358 multos
921 316 986 370 da,
1019 316 1225 370 Iuppiter,
1257 314 1408 357 annos'

190 375 272 418 hoc
305 379 421 417 recto
454 375 588 428 vultu,
621 376 758 417 solum
793 376 872 417 hoc
905 379 946 417 et
979 375 1165 430 pallidus
1200 378 1337 430 optas.

192 434 265 476 sed
299 449 426 489 quam
460 434 675 488 continuis
709 439 752 476 et
784 435 956 490 quantis
990 435 1122 490 longa
1155 436 1352 476 senectus
1692 446 1756 475 loo

190 494 317 548 plena
349 493 487 534 malis.
539 493 773 535 deformem
807 497 849 535 et
881 497 1070 536 taetrum
1104 497 1203 536 ante
1237 494 1380 535 omnia
1412 496 1577 535 vultum

192 552 532 607 dissimilemque
565 554 642 603 sui,
675 553 909 595 deformem
942 568 1019 608 pro
1053 556 1148 595 cute
1182 553 1336 607 pellem

190 611 504 667 pendentisque
537 626 669 668 genas
703 617 746 654 et
779 612 904 654 anilis
938 613 1081 666 aspice
1114 626 1263 667 rugas,

192 671 353 726 quales,
385 671 643 713 umbriferos
676 671 749 713 ubi
782 671 935 725 pandit
966 671 1191 712 Thabraca
1219 671 1367 722 saltus,

189 731 233 772 in
264 730 409 772 vetula
442 731 598 784 scalpit
629 734 714 772 iam
748 733 886 771 mater
919 730 1045 771 simia
1077 731 1224 772 bucca.
1689 742 1754 772 195

187 789 376 844 plurima
407 792 509 831 sunt
538 789 741 831 iuvenum
775 789 1032 843 discrimina,
1065 789 1288 843 pulchrior
1320 789 1391 830 ille

187 848 267 891 hoc
300 851 430 904 atque
462 849 532 890 ille
566 848 665 903 alio,
699 849 880 890 multum
913 848 984 890 hie
1015 848 1235 890 robustior
1266 848 1361 889 illo:

189 923 275 950 uua
307 922 456 950 senum
488 907 630 950 facies.
682 922 778 949 cum
811 922 912 949 voce
944 909 1175 950 trementia
1207 907 1401 949 membra

188 970 231 1009 et
260 967 346 1008 iam
380 967 472 1009 leve
505 970 635 1022 caput
668 967 911 1034 madidique
943 966 1131 1008 infantia
1162 967 1269 1021 nasi,

190 1025 456 1081 frangendus
488 1026 646 1068 misero
679 1026 856 1082 gingiva
887 1027 1013 1082 panis
1046 1027 1217 1081 inermi3
1688 1039 1755 1069 200

188 1100 320 1141 usque
353 1086 458 1128 adeo
492 1086 636 1140 gravis
667 1086 792 1128 uxori
824 1086 1023 1141 natisque
1058 1085 1236 1140 sibique,

187 1147 236 1186 ut
267 1145 481 1200 captatori
492 1119 686 1187 Dmoveat
717 1145 894 1186 fastidia
926 1143 1073 1187 Cosso.

187 1219 275 1246 non
307 1204 454 1246 eadem
487 1204 574 1245 vini
607 1207 735 1259 atque
768 1204 853 1246 cibi
885 1207 1085 1259 torpente
1119 1205 1266 1259 palato

187 1263 356 1320 gaudia.
406 1278 505 1305 nam
539 1264 677 1305 coitus
710 1264 797 1305 iam
829 1264 958 1319 longa
992 1264 1165 1317 oblivio,
1198 1264 1262 1304 vel
1297 1264 1331 1305 si

189 1323 368 1377 coneris,
400 1323 513 1364 iacet
545 1323 721 1378 exiguus
755 1338 849 1364 cum
882 1323 1039 1364 ramice
1073 1337 1227 1364 nervus
1685 1337 1752 1365 zos,

188 1384 232 1424 et
264 1382 460 1437 quamvis
492 1384 585 1424 tota
617 1382 816 1436 palpetur
842 1384 978 1436 nocte,
1011 1382 1183 1423 iacebit.

190 1455 299 1483 anne
333 1441 497 1496 aliquid
531 1455 703 1495 sperare
735 1443 882 1496 potest
913 1441 1020 1483 haec
1053 1442 1242 1496 inguinis
1276 1442 1391 1495 aegri

286 1537 352 1568 189
376 1534 448 1569 hoc
473 1534 551 1569 alto
577 1538 678 1569 recto
700 1534 736 1568 P

186 1581 277 1617 Eut.
306 1582 333 1616 I
356 1584 416 1625 39,
444 1581 545 1616 Plin.
574 1593 627 1625 ep.
659 1581 694 1615 V
715 1585 762 1616 16

192 1628 337 1674 captori
362 1631 539 1664 moveant
562 1629 600 1664 P

186 1710 421 1746 Ruhmsucht
443 1711 514 1756 ein,
542 1710 610 1746 wie
632 1711 691 1747 ein
711 1716 865 1748 exactor.
887 1733 931 1737 —

185 1759 336 1803 ἀτίμα-ε,
362 1757 519 1794 absolut
539 1758 608 1794 wie
635 1763 690 1796 84.

231 1808 268 1850 4)
302 1809 518 1842 188—288:
556 1806 824 1841 Beschwerden
857 1807 932 1841 und

185 1852 327 1888 Leiden
352 1853 416 1889 des
444 1865 485 1889 so
513 1853 714 1899 allgemein
735 1855 932 1890 ersehnten

185 1901 318 1936 Altera.

233 1952 301 1984 189
326 1952 422 1984 recto
447 1949 552 1984 vultu
577 1949 629 1984 im
656 1949 862 1995 Gegensatz
889 1961 932 1984 zn

178 1996 349 2041 pallidus
367 1995 519 2042 (krank)
536 1996 715 2032 bedeutct
728 1997 838 2032 Kraft
857 1998 930 2032 und

185 2042 434 2087 Gesundheit,
461 2044 536 2088 vgl.
563 2048 595 2087 3,
621 2048 668 2079 26
694 2045 780 2080 dum
809 2046 932 2089 prima

185 2094 218 2126 et
250 2094 349 2126 recta
383 2095 560 2134 senectus,
599 2091 768 2137 dagegen
796 2096 836 2135 6,
861 2096 928 2127 401

182 2141 280 2174 recta
317 2138 413 2182 facie
449 2139 622 2183 siccisque
656 2140 828 2174 mamillis
862 2139 931 2173 mit

182 2184 341 2221 keckem
366 2184 520 2221 Gesicht
548 2185 625 2220 und
656 2185 749 2220 kfihl
781 2185 838 2221 bis
865 2198 930 2221 ans

185 2233 288 2268 Herz.

233 2283 301 2315 190
343 2281 416 2315 Der
453 2279 635 2316 Rhetorik
680 2292 757 2315 war
795 2282 928 2316 ebenso

183 2328 248 2363 der
260 2326 380 2372 ψόγος
389 2328 444 2363 als
457 2326 611 2368 ἔπαινος
622 2326 742 2373 γήρως
755 2328 928 2373 geliiufig.

214 2379 298 2410 -192
309 2376 520 2411 dissimilem
530 2377 601 2419 sui,
621 2376 800 2418 entstellt,
815 2376 929 2411 kaum

182 2421 320 2458 wieder
338 2435 384 2458 zu
403 2423 600 2459 erkennen.
622 2443 666 2448 —
687 2425 780 2458 eutis
799 2423 848 2458 ist
869 2423 928 2459 die

181 2469 319 2515 ghiwe,
356 2469 455 2506 feine
485 2470 588 2506 Haut
619 2470 684 2505 des
715 2470 928 2515 menschen,

177 2518 287 2563 pellis
311 2517 379 2552 das
404 2517 580 2553 tierische
606 2517 696 2553 Fell.

231 2568 298 2600 193
335 2566 448 2600 anilis
484 2576 618 2612 ruyas,
657 2565 785 2600 Claud.
825 2564 926 2600 Eutr.

182 2610 198 2644 1
218 2615 264 2647 38
283 2616 479 2666 postquam
497 2613 654 2656 deforme
673 2613 826 2648 cadaver
843 2623 927 2648 nac-

182 2662 243 2694 tus
266 2664 300 2695 et
319 2660 363 2694 in
380 2670 493 2705 ruqas
511 2663 607 2696 totus
626 2660 779 2704 desluoeit
801 2661 925 2695 aniles.

231 2709 299 2741 194
309 2705 514 2750 Thabraca,
525 2706 758 2742 numidische
768 2708 922 2742 Kusten-

183 2753 285 2789 stadt
315 2754 385 2789 mit
409 2754 658 2790 affenreichen
683 2755 861 2789 Waldern
889 2755 926 2789 in

183 2801 249 2836 der
278 2799 403 2845 Nahe,
438 2800 532 2836 Pliu.
558 2802 594 2836 h.
621 2800 653 2835 V
679 2805 724 2836 22
760 2802 927 2837 Tabraca

182 2849 358 2893 oppidum
378 2849 512 2884 civium
525 2848 787 2891 Romanorum,
811 2849 926 2884 Tusca

180 2896 315 2940 fluvius
339 2895 540 2931 Numidiae
563 2897 662 2940 finis,
690 2907 755 2931 nee
782 2900 928 2940 praeter

181 2943 374 2979 marmoris
385 2943 579 2978 Numidici
595 2944 826 2988 ferarumque
840 2954 926 2987 pro—

181 2994 325 3026 ventum
349 2991 456 3026 aliud
480 2991 632 3036 ineiyne.

808 1538 874 1568 193
900 1534 1009 1569 anilis
1035 1534 1231 1568 Heinsius:
1256 1532 1344 1568 talis
1367 1534 1448 1576 1²⁶0,
1476 1534 1520 1567 cf.
1550 1534 1748 1569 Claudum.

850 1585 915 1616 197
942 1580 1008 1615 ille
1034 1592 1099 1616 mu.
1128 1581 1164 1616 P

694 1632 762 1664 205
789 1629 933 1664 coneris
952 1641 1017 1674 pm
1045 1629 1280 1664 Priscianus:
1307 1628 1476 1663 conversi
1505 1629 1539 1662 P

1236 1585 1300 1616 199
1326 1581 1549 1625 madidaque
1577 1582 1613 1616 P
1682 1587 1749 1617 202

1054 1716 1119 1747 197
1144 1712 1295 1746 multum
1315 1710 1384 1745 mit
1403 1711 1487 1746 dem
1506 1709 1751 1756 Komparativ

1005 1759 1074 1794 wie
1104 1763 1156 1803 12,
1185 1763 1228 1794 66
1256 1759 1409 1794 multum
1432 1759 1564 1801 fortior
1592 1761 1665 1794 und
1695 1764 1749 1804 14,

1007 1811 1073 1842 193
1100 1811 1275 1852 quantum
1299 1807 1457 1851 pecunia
1481 1807 1601 1842 erevit.

1053 1858 1120 1889 198
1147 1866 1226 1889 cum
1258 1864 1340 1889 voce
1365 1871 1410 1882 =
1434 1864 1504 1888 vox
1537 1858 1686 1890 tremens
1717 1859 1750 1890 et

1004 1903 1161 1937 membra
1203 1902 1392 1937 trementia
1427 1902 1494 1936 etc.
1534 1901 1585 1936 ist
1622 1904 1747 1947 Appo-

1005 1949 1117 1984 sition
1143 1960 1186 1983 zu
1212 1961 1289 1984 una
1314 1959 1437 1984 senum
1464 1949 1584 1991 facies.
1634 1949 1745 1994 Verg.

1005 1996 1126 2031 11509
1154 2007 1225 2031 von
1253 1995 1439 2030 Priamus:
1471 2007 1575 2030 arma
1605 1997 1673 2031 diu
1697 2008 1748 2032 se-

1004 2045 1087 2079 nior
1117 2045 1262 2079 desueta
1299 2043 1530 2078 trementibus
1561 2055 1646 2079 aevo
1678 2045 1746 2079 eir-

1003 2092 1149 2126 cumdat
1173 2092 1390 2136 nequiquam
1413 2091 1556 2126 umeris.

1057 2142 1123 2173 199
1166 2140 1330 2182 infantia
1374 2139 1458 2172 nasi
1496 2155 1539 2166 =
1576 2139 1747 2174 ‘'nadidus

1003 2197 1114 2220 nasus
1128 2190 1169 2221 ut
1182 2186 1348 2229 infantis.
1388 2184 1544 2220 Vorbild
1565 2197 1641 2220 war
1658 2185 1747 2220 viel-

1001 2232 1118 2268 leicht
1142 2234 1258 2268 Lucil.
1284 2232 1336 2266 IX
1363 2236 1405 2266 72
1428 2232 1523 2277 (M.):
1563 2234 1657 2277 quod
1688 2234 1745 2268 cle-

1000 2281 1124 2324 formi’
1154 2292 1278 2324 senex,
1309 2279 1530 2324 ἁρθριτικός
1561 2291 1604 2315 ae
1631 2282 1745 2324 poda-

1000 2339 1127 2372 yrosus
1152 2332 1219 2371 est,
1250 2329 1345 2374 quod
1376 2327 1522 2362 mancu’
1550 2339 1747 2372 macerque,

1001 2377 1119 2418 exilis,
1144 2377 1276 2411 ramice
1301 2386 1443 2420 mamm.

1048 2427 1115 2457 201
1137 2422 1242 2458 Nach
1258 2423 1344 2458 Hor.
1365 2435 1391 2456 s.
1408 2422 1423 2455 Ι
1442 2427 1471 2464 1,
1493 2425 1538 2456 84
1558 2433 1632 2457 uon
1651 2434 1744 2457 πίων

999 2471 1142 2506 salvam
1155 2475 1186 2506 te
1199 2472 1288 2513 vult,
1302 2481 1375 2505 uon
1387 2471 1495 2513 silius.
1525 2470 1595 2503 Der
1607 2470 1744 2504 Alters-

1001 2518 1193 2553 schwache
1219 2517 1269 2553 ist
1293 2518 1372 2552 sich
1398 2517 1486 2551 aber
1513 2518 1607 2551 auch
1630 2516 1745 2552 selbst

1000 2566 1099 2609 (sibi)
1125 2578 1187 2600 zur
1212 2566 1311 2600 Last.

1047 2616 1115 2648 202
1149 2614 1222 2648 Der
1260 2612 1340 2647 hier
1375 2611 1429 2646 als
1461 2610 1744 2646 Erbschleicher

999 2663 1193 2706 (captator)
1218 2658 1454 2695 bezeichncte
1477 2659 1606 2693 Cossus
1632 2659 1680 2694 ist
1701 2670 1741 2693 so

1000 2708 1120 2752 wenig
1145 2708 1199 2742 als
1222 2708 1287 2742 der
1307 2712 1340 2750 3,
1362 2709 1429 2740 184
1449 2707 1635 2751 genannte
1657 2706 1740 2741 Cos-

1000 2766 1060 2789 sus
1087 2755 1289 2799 irgeudwie
1314 2754 1489 2788 bekannt.

1048 2806 1115 2836 205
1144 2802 1226 2845 vgl.
1255 2805 1286 2844 6,
1314 2804 1381 2835 325
1397 2812 1448 2843 sq.

1048 2853 1115 2883 207
1154 2849 1235 2883 JUV.
1275 2848 1368 2882 liebt
1405 2846 1464 2881 die
1499 2846 1741 2893 Verbindung

1001 2908 1096 2931 (mue
1121 2896 1237 2938 aliud,
1263 2895 1331 2929 wie
1355 2899 1387 2938 4,
1408 2898 1452 2928 78
1473 2906 1506 2928 u.
1529 2897 1560 2937 7,
1584 2898 1648 2930 199
1669 2898 1740 2938 (15,

1003 2948 1069 2978 122
1095 2955 1190 2978 anne
1225 2943 1368 2986 aliam),
1407 2953 1445 2976 es
1477 2941 1623 2976 scheint
1653 2942 1741 2977 aber

1001 2991 1143 3035 aliquid
1180 3001 1223 3024 zu
1261 2990 1332 3024 den
1370 2988 1557 3023 sexuellen
1595 2988 1739 3035 Euphe-
