2036 3406
669 206 795 242 LIBRI
822 206 874 241 111
925 205 1120 241 SATVRA
1144 205 1193 240 IX

1626 206 1704 246 191

150 320 195 359 te
228 316 468 359 Trifolinus
502 330 603 368 ager
634 315 828 357 fecundis
861 315 1025 356 vitibus
1057 315 1211 370 implet

149 380 479 432 suspectumque
511 375 659 429 iugum
693 374 839 416 Cumis
872 379 915 416 et
947 374 1115 416 Gaurus
1148 374 1309 427 inanis,

150 451 251 479 nam
282 436 378 491 quis
412 435 535 489 plura
568 434 665 475 linit
697 434 864 476 victuro
897 434 1015 475 dolia
1049 433 1223 475 musto?

150 498 358 551 quantum
391 497 485 536 erat
517 492 715 535 exhausti
748 494 916 535 lumbos
949 493 1108 534 donare
1140 493 1308 534 clientis

149 555 370 610 iugeribus
402 553 579 608 paucis?
614 553 821 594 meliusne
853 553 922 594 hic
955 553 1139 594 rusticus
1172 552 1315 593 infans

1676 562 1721 592 60

149 628 245 656 eum
278 617 417 655 matre
451 616 493 654 et
526 613 683 654 casulis
716 615 758 653 et
790 612 1015 653 conlusore
1049 611 1207 652 catello

150 673 352 728 cymbala
383 673 597 727 pulsantis
630 672 821 726 legatum
854 671 928 711 fiet
959 669 1115 712 amici?

149 731 400 788 “inprobus
434 746 497 782 es,
530 745 624 772 cum
659 729 838 785 poscis''
873 730 947 770 ait.
998 729 1071 770 sed
1103 729 1254 783 pensio
1287 729 1448 770 clamat

151 791 369 848 “posce'',
402 791 475 833 sed
509 790 703 845 appellat
733 803 839 843 puer
870 789 1020 830 unicus
1053 791 1101 829 ut
1133 788 1388 842 Polyphemi

150 852 241 894 lata
273 852 406 902 acies,
438 864 513 904 per
545 864 676 904 quam
708 848 859 890 sollers
893 848 1030 890 evasit
1061 847 1227 902 Vlixes3
1671 857 1715 888 65

150 911 262 953 alter
293 909 498 952 emendus
531 909 630 962 erit,
662 922 848 962 namque
880 907 952 949 hic
983 921 1071 948 non
1105 906 1283 960 sufficit,
1316 906 1444 948 ambo

149 969 364 1025 pascendi.
415 968 516 1023 quid
549 981 676 1024 agam
708 967 862 1008 bruma
895 966 1119 1022 spirante?
1153 966 1273 1021 quid,
1307 980 1394 1020 oro,

152 1029 253 1084 quid
285 1028 425 1071 dicam
457 1027 644 1082 scapulis
676 1041 910 1082 puerorum
943 1026 1144 1081 aquilone
1177 1025 1403 1067 Decembri

151 1092 195 1130 et
224 1087 436 1144 pedibus?
470 1086 658 1129 “durate
692 1089 820 1142 atque
853 1089 1073 1141 expectate
1106 1083 1345 1127 cicadas''‘?

245 1197 289 1228 61
317 1192 454 1228 casulis
473 1203 558 1238 pm.-
584 1190 720 1227 catulis
747 1191 784 1226 P

150 1289 300 1331 miluos,
330 1287 428 1323 nach
463 1287 547 1322 dem
575 1285 803 1332 Spriehworh
834 1285 896 1320 bei

151 1336 252 1372 Pers.
272 1340 306 1379 4,
327 1339 373 1371 26
395 1336 494 1370 dives
509 1338 592 1370 arat
607 1334 766 1369 Curibus
779 1346 895 1378 quan-

153 1388 229 1420 tum
253 1394 330 1425 non
353 1384 489 1418 miluus
514 1385 622 1417 errat.
650 1381 795 1416 Schol.:
820 1382 897 1416 vult

151 1432 335 1467 ostendere
378 1431 668 1476 magnitudinem
708 1430 898 1474 possessio—

150 1491 253 1523 num,
266 1490 375 1524 quam
394 1480 491 1513 latae
509 1479 585 1513 sin-t
598 1478 710 1522 ayris,
724 1478 898 1522 quoniam

150 1538 218 1562 nec
242 1527 349 1561 milui
373 1526 601 1561 transvolare
625 1535 686 1559 eas
707 1528 872 1569 possunt.

199 1577 245 1610 56
275 1573 481 1616 Trifolinus
494 1584 580 1619 aqer
599 1572 637 1606 in
651 1571 896 1616 Kampanien‚

149 1622 248 1657 nach
298 1622 384 1657 dem
426 1620 546 1665 Berge
591 1618 787 1657 Trifolium
836 1619 898 1653 bei

150 1668 296 1714 Neapel
329 1679 369 1704 so
393 1668 576 1710 benmnt,
603 1668 719 1702 daher
750 1666 897 1709 Trifoli-

150 1728 238 1752 num
258 1718 320 1761 (se.
336 1717 476 1758 vinum)
502 1715 564 1750 bei
578 1713 687 1749 Mart.
703 1713 791 1748 XIII
813 1718 896 1748 114:

149 1775 226 1800 non
250 1775 330 1799 sum
348 1764 392 1799 de
413 1765 548 1808 primo,
572 1763 702 1806 fateor,
728 1762 898 1804 trifolina

150 1812 296 1858 Lyaeo,
331 1813 427 1846 inter
463 1812 551 1846 vina
588 1814 709 1845 tamen
746 1810 899 1854 sept-ima

150 1861 239 1895 vitis
262 1870 333 1896 ero.
355 1879 402 1885 —-
426 1859 550 1903 implet
574 1857 796 1900 bereichert„
823 1856 894 1901 eig.

151 1907 331 1953 sattiget,
381 1907 508 1941 macht
557 1905 769 1948 strotzend,
819 1904 894 1949 vgl.

151 1955 292 1990 Colum.
318 1954 370 1989 111
396 1957 430 1998 2,
452 1958 496 1988 14
520 1954 608 1989 vites
632 1964 668 1988 se
693 1953 896 1997 frequenter

150 2003 312 2047 implent,
338 2001 449 2046 Verg.
477 2002 491 2036 I
518 2005 586 2035 215
613 2001 818 2045 implentur
838 2011 895 2034 ve·

150 2051 238 2086 teris
261 2050 404 2085 Bacchi
422 2049 647 2094 pinquisque
670 2048 822 2091 ferinae.

199 2101 244 2133 57
269 2100 486 2142 suspectum,
510 2097 597 2130 weil
615 2106 704 2130 man
722 2094 760 2129 in
779 2094 896 2129 Cum'a

151 2145 260 2180 einen
267 2142 760 2191 Lavaausbruehffirchtete,
772 2143 898 2177 inanis

151 2192 205 2227 im
237 2192 372 2227 Innern
404 2190 618 2226 zerklfiftet.
667 2189 742 2224 Der
772 2189 896 2224 Vesuv

151 2251 229 2275 war
241 2251 302 2274 am
318 2242 375 2274 24.
386 2241 533 2283 August
548 2242 591 2274 79
605 2238 895 2282 ausgebrochen,

153 2287 312 2323 semiem
331 2286 481 2321 mochte
500 2297 587 2320 man
607 2284 772 2320 vielfach
799 2285 895 2319 auch

153 2334 292 2370 andere
317 2333 563 2369 vulkanische
583 2334 702 2378 Berge
727 2333 767 2366 in
787 2333 895 2378 jener

152 2382 308 2428 Gegend
331 2382 513 2417 ffirchten.

200 2434 245 2466 58
272 2431 413 2465 victuro
427 2429 493 2465 der
507 2429 584 2464 erst
594 2430 678 2473 spat
688 2427 899 2474 getrunken

152 2478 302 2514 werden
327 2476 416 2521 soll,
448 2477 527 2512 also
552 2478 663 2521 guter
694 2476 771 2510 und
794 2474 900 2509 kost—

152 2526 262 2561 barer
289 2524 408 2560 Wein.

201 2576 248 2608 60
266 2583 348 2617 sqq.
383 2572 543 2607 rusticus
570 2571 710 2614 infans,
739 2570 814 2616 vgl.
844 2573 896 2613 11,

155 2624 221 2655 151
232 2631 312 2665 sqq.
338 2618 445 2654 Sinn:
467 2619 565 2655 denn
588 2618 815 2654 schliesslich
838 2619 900 2652 be-

154 2668 301 2702 kommt
313 2666 381 2701 das
389 2666 560 2702 Gfitchen
574 2666 669 2702 doch
685 2667 744 2701 ein
754 2664 899 2700 Gallus-

154 2714 324 2760 priester,
333 2715 399 2750 der
410 2714 473 2749 bei
482 2713 562 2749 ihm
576 2714 616 2748 in
630 2713 784 2749 Gnaden
799 2712 900 2748 steht

155 2763 308 2808 (amica),
333 2760 499 2807 weniger
521 2761 578 2797 als
603 2762 790 2804 cinaedus,
817 2772 899 2795 son—

153 2810 245 2845 dern
270 2809 357 2844 weil
382 2808 448 2843 der
468 2809 564 2844 Herr
587 2809 683 2843 nach
710 2809 775 2843 der
801 2807 899 2843 Sitte

153 2857 222 2892 der
259 2856 341 2893 Zeit
377 2856 666 2902 aberglaubisch
705 2855 898 2900 (δεισιδαί-

153 2906 249 2950 μων)
272 2903 335 2940 ist.

202 2956 248 2988 63
284 2953 346 2988 sed
372 2973 415 2978 —-
439 2952 502 2987 sed
541 2951 729 2987 erseheint
766 2950 898 2984 beson-

153 2999 240 3036 ders
256 2999 385 3045 haufig
403 3000 455 3035 im
470 2999 543 3034 Stil
562 2999 627 3034 des
646 2997 900 3042 Philosophen

877 1195 921 1226 63
948 1193 1005 1226 est
1032 1191 1068 1225 P

1161 1189 1287 1236 poscis
1316 1189 1367 1224 P.-
1392 1189 1515 1234 poscit
1536 1201 1565 1234 p

970 1286 1128 1327 Seneca,
1168 1285 1240 1330 vgl.
1276 1297 1320 1319 zu
1359 1289 1396 1327 5,
1424 1289 1479 1319 61.
1509 1306 1552 1310 —
1585 1286 1715 1329 pensio

968 1332 1153 1377 Mietzins‚
1180 1334 1245 1367 der
1271 1331 1475 1367 monatlich
1503 1333 1592 1367 oder
1619 1332 1714 1367 auch

964 1380 1129 1426 jahrlich
1155 1379 1307 1414 bezahlt
1332 1380 1467 1421 wurde,
1499 1380 1572 1425 vgl.
1594 1384 1626 1423 3,
1646 1384 1716 1414 225

968 1430 1100 1473 quanti
1115 1439 1212 1462 nunc
1229 1429 1394 1473 ,tenebras
1408 1439 1521 1462 unum
1543 1429 1716 1463 conducis

968 1477 1010 1510 in
1036 1488 1185 1511 armum.
1222 1474 1384 1509 Ahnlich
1411 1476 1479 1510 wie
1506 1475 1588 1510 Juv.
1616 1476 1717 1519 fragt

970 1523 1079 1558 Mart.
1108 1523 1158 1557 III
1186 1527 1231 1558 30
1256 1523 1422 1567 sportula
1453 1523 1558 1557 nulla
1585 1523 1718 1566 datur;

969 1572 1087 1617 gyratis
1118 1572 1270 1606 conviva
1303 1571 1494 1605 recumbis:
1532 1571 1592 1605 dic
1628 1571 1720 1604 mihi

969 1619 1059 1663 quid
1107 1618 1266 1661 Romae,
1311 1618 1550 1662 Garyiliane,
1595 1618 1720 1660 facis?

969 1667 1066 1701 uncle
1090 1667 1160 1700 tibi
1178 1666 1303 1709 toyula
1323 1669 1372 1700 est
1393 1670 1424 1700 et
1444 1667 1568 1707 fuscae
1588 1666 1719 1710 pensio

970 1713 1106 1748 cellae?
1152 1716 1184 1757 7,
1211 1717 1254 1747 92
1282 1714 1411 1758 pensio
1443 1717 1475 1747 te
1506 1724 1627 1748 coram
1659 1724 1720 1757 pe-

970 1762 1063 1796 titur
1100 1761 1263 1805 clareque
1289 1761 1503 1805 palamque:
1541 1761 1651 1795 audis
1689 1764 1720 1795 et

972 1810 1096 1850 nescis,
1121 1809 1305 1851 Baccara,
1332 1809 1422 1853 quid
1445 1809 1494 1843 sit
1519 1819 1619 1852 opus.

1018 1859 1063 1890 64
1101 1855 1242 1890 Einen
1276 1855 1480 1891 Bedienten
1518 1867 1562 1889 zu
1596 1855 1718 1890 haben

968 1903 1017 1937 ist
1053 1915 1091 1938 so
1125 1903 1363 1938 unnatfirlieh
1396 1903 1471 1937 und
1507 1902 1717 1947 gefahrlich

968 1951 1039 1986 wie
1058 1963 1129 1985 nur
1148 1950 1220 1985 ein
1243 1951 1349 1996 Auge
1370 1963 1414 1984 zu
1434 1949 1569 1985 haben.
1604 1949 1718 1985 Hatte

969 1999 1175 2043 Polyphem
1203 1998 1293 2032 zwei
1321 2001 1449 2042 Augen
1482 1997 1644 2041 gehabt,
1678 2007 1717 2031 so

968 2050 1066 2080 wiire
1099 2057 1137 2080 es
1169 2045 1355 2089 odysseus
1386 2044 1492 2079 nicht
1530 2055 1569 2079 so
1601 2045 1719 2079 leicht

969 2093 1170 2138 geworden
1194 2092 1272 2127 ihm
1299 2104 1342 2127 zu
1369 2091 1576 2127 entrinnen.
1630 2091 1713 2136 Vgl.

971 2142 1044 2176 Cic.
1068 2140 1176 2175 Rosa.
1199 2145 1240 2175 77
1267 2151 1364 2175 unus
1383 2151 1491 2185 puer,
1518 2141 1635 2174 victus
1660 2150 1715 2174 co-

969 2190 1108 2223 tidiani
1138 2189 1319 2230 minister,
1351 2199 1395 2222 esc
1426 2191 1531 2222 tanta
1568 2187 1715 2230 familia

968 2236 1052 2271 Sex.
1085 2235 1218 2271 Roscio
1261 2236 1408 2270 relictus
1450 2245 1524 2269 uon
1569 2238 1629 2269 est.
1670 2254 1714 2259 —

968 2285 1147 2328 appellat,
1178 2287 1363 2328 tamquam
1395 2283 1606 2326 debitorem,
1638 2282 1714 2327 vgl.

970 2335 1001 2375 7,
1030 2335 1097 2366 158
1122 2331 1315 2366 mercedem
1340 2329 1530 2375 appellas?

1015 2383 1060 2414 68
1105 2379 1186 2414 Sen.
1220 2389 1277 2422 ep.
1305 2381 1360 2422 63,
1391 2381 1431 2412 11
1471 2378 1503 2412 si
1537 2377 1621 2421 quis
1659 2377 1720 2411 de-

971 2427 1150 2471 spoliatus
1179 2429 1315 2461 amissa
1337 2426 1450 2459 unica
1472 2426 1599 2459 tunica
1628 2435 1721 2459 com-

967 2475 1115 2519 plorare
1129 2484 1164 2508 se
1182 2474 1287 2508 malit
1307 2484 1415 2518 quam
1435 2473 1718 2515 circumspicere,

971 2523 1145 2567 quomodo
1176 2522 1296 2566 frique
1329 2521 1479 2564 effuyiat
1511 2523 1543 2554 et
1575 2519 1720 2563 aliquid

971 2570 1149 2612 inveniat,
1175 2580 1244 2613 quo
1270 2572 1365 2613 teglat
1389 2567 1571 2611 scapulas,
1597 2577 1718 2601 nonne

973 2617 1042 2652 tibi
1078 2617 1246 2652 videatur
1283 2614 1547 2650 stultissimus?
1589 2617 1644 2658 17,
1674 2617 1715 2647 19

972 2666 1090 2700 ‘centri
1115 2668 1147 2699 et
1171 2664 1334 2708 scapulis
1357 2674 1462 2697 suum
1489 2661 1628 2703 reddet,
1661 2661 1718 2694 ira

971 2712 1023 2746 ΙΙΙ
1046 2715 1101 2754 12,
1121 2716 1141 2746 5
1162 2722 1298 2756 ponere
1314 2711 1477 2744 tunicam
1496 2713 1529 2744 et
1546 2708 1718 2752 praebere

969 2760 1141 2804 scapulas
1165 2759 1367 2794 verberibus
1386 2758 1507 2800 iussit,
1531 2756 1598 2790 vit.
1617 2755 1716 2790 beat.

971 2811 1033 2850 25,
1069 2810 1089 2841 2
1128 2806 1223 2840 malo
1261 2805 1349 2850 quid
1386 2805 1476 2838 mihi
1513 2803 1634 2837 (mimi
1669 2803 1718 2837 sit

970 2854 1153 2890 ostendere
1166 2855 1420 2898 praetextatus
1439 2855 1471 2885 et
1488 2853 1717 2895 qausapatus

972 2913 1080 2947 quam
1104 2901 1217 2935 nudis
1241 2899 1402 2944 scapulis
1425 2902 1490 2932 aut
1515 2898 1713 2932 semitectis.

1020 2953 1063 2983 69
1090 2948 1249 2989 cicadas,
1275 2948 1309 2981 d.
1329 2947 1363 2981 h.
1392 2945 1452 2980 die
1472 2944 1718 2980 Wiederkehr

972 2997 1036 3032 der
1080 3005 1243 3029 warmen
1287 2992 1510 3037 Jahreszeit,
1555 3002 1611 3026 wo
1656 2991 1716 3026 die
