2068 3374
310 198 363 238 72
956 195 1218 230 ivvnuAms

310 306 568 347 consilium?
604 305 674 346 sed
710 304 810 358 quid
843 304 1072 345 violentius
1106 318 1206 344 aure
1238 305 1423 358 tyranni,

310 380 405 406 011111
439 380 521 418 quo
556 364 605 404 de
638 362 796 417 pluviis
831 365 904 403 aut
936 362 1128 415 aestibus
1163 365 1237 403 aut
1268 363 1466 405 nimboso

308 438 403 465 vere
436 423 619 465 locuturi
653 422 789 462 fatum
823 421 1038 475 pendebat
1071 421 1228 462 amici?

308 483 381 523 ille
415 481 548 536 igitur
580 495 811 534 numquam
845 480 1007 521 derexit
1038 480 1240 521 bracchia
1273 484 1422 522 eontra

308 543 556 593 torrentem,
588 554 665 580 nec
699 540 802 580 civis
835 543 929 580 erat
962 540 1033 594 qui
1067 539 1201 580 libera
1233 543 1380 593 posset
1820 552 1864 581 90

308 600 438 641 verba
471 599 601 640 animi
635 598 827 652 proferre
862 602 903 639 et
934 599 1067 639 vitam
1101 598 1330 652 inpendere
1362 614 1473 640 vero.

310 659 368 699 sic
401 659 558 699 multas
591 658 752 698 hiemes
787 661 913 711 atque
946 658 1241 711 octogensima
1273 658 1381 698 vidit

310 717 511 771 solstitia,
544 717 611 757 his
646 717 775 757 armis
808 716 882 756 illa
916 731 1084 770 quoque
1116 719 1233 757 tutus
1267 717 1311 756 in
1344 717 1453 758 aula.

309 777 528 830 proximus
562 775 749 817 eiusdem
783 776 1044 829 properabat
1078 774 1241 816 Acilius
1276 777 1367 817 aevi

309 850 403 877 011111
436 836 586 876 iuvene
618 834 795 889 indigno
829 849 954 888 quem
988 849 1102 875 mors
1135 838 1225 875 tam
1259 850 1386 876 saeva
1419 838 1613 878 maneret
1821 848 1865 877 95

310 898 351 935 et
383 894 546 936 domini
579 893 734 948 gladiis
767 896 857 934 tam
889 893 1116 948 festinata3
1150 894 1221 935 sed
1256 894 1359 935 011111

310 953 507 1008 prodigio
540 968 619 1008 par
651 955 716 994 est
747 952 792 993 in
824 953 1052 994 nobilitate
1085 956 1292 1006 senectus,

311 1013 422 1053 unde
454 1013 514 1066 fit,
546 1015 594 1053 ut
627 1011 775 1052 malim
807 1012 1064 1052 fratcreulus
1098 1027 1189 1053 esse
1222 1013 1423 1067 gigantis.

310 1071 472 1125 profuit
504 1085 606 1125 ergo
638 1070 749 1111 1111111
783 1071 950 1125 misero,
984 1071 1097 1124 quod
1130 1072 1368 1112 comminus
1401 1087 1525 1114 ursos

309 1130 472 1183 figebat
504 1130 713 1171 Numidas
746 1129 918 1170 Albana
949 1130 1086 1170 nudus
1118 1130 1280 1171 harena
1802 1142 1869 1182 100

310 1191 502 1230 venator.
554 1189 648 1243 quis
683 1189 795 1229 enim
828 1189 912 1229 iam
945 1203 1032 1230 11011
1066 1189 1290 1243 intellegat
1324 1192 1436 1230 artes

311 1248 546 1302 patricias?
578 1248 671 1302 quis
704 1248 891 1301 priscum
924 1247 1032 1288 illud
1064 1247 1245 1289 miratur
1278 1263 1468 1303 acumen,

406 1368 449 1398 95
488 1364 561 1399 iam
594 1364 631 1398 P

311 1413 484 1447 Pithoeus

312 1506 457 1541 heissen
483 1517 556 1541 non
578 1507 716 1548 licebat,
742 1505 847 1540 nicht
869 1517 942 1541 non
963 1507 1055 1550 lieet,

311 1555 406 1588 auch
433 1553 537 1588 nicht
561 1565 635 1588 non
661 1554 775 1588 licuit.

358 1606 402 1635 86
440 1602 633 1636 violentius
660 1600 956 1645 empfindliche1·‚
984 1600 1053 1644 eig.

313 1649 458 1693 wilder,
504 1648 680 1693 heftiger,
727 1653 764 1692 8,
792 1652 834 1682 37
875 1659 936 1682 seu
968 1649 1057 1692 quid

312 1697 432 1731 adhuc
470 1699 520 1730 est
556 1696 651 1740 quod
694 1696 824 1738 fremat
867 1696 908 1730 in
951 1697 1057 1731 terris

310 1744 503 1778 violentius
528 1743 717 1787 (Adverb).

361 1795 404 1825 87
433 1791 523 1825 uber
543 1803 636 1835 ganz
657 1790 1056 1836 gewohnlicheDinge‚

314 1840 413 1872 Suet.
447 1838 550 1873 Doni.
589 1842 631 1872 10
673 1839 862 1882 aliquanto
908 1839 1058 1873 celerius

314 1887 362 1920 act
382 1886 567 1920 saevitiam
590 1886 737 1919 descivit
758 1897 864 1930 quam
885 1887 934 1920 acl
954 1886 1042 1930 cupi

311 1934 468 1968 (litatem.

362 1984 406 2015 88
431 1980 550 2022 fatum
558 1980 739 2023 pendebat
752 1979 790 2014 in
806 1980 869 2014 der
880 1979 1058 2015 Schwebe

317 2039 404 2070 war,
424 2028 462 2061 in
481 2026 682 2061 {rursm-ster
702 2026 840 2061 Gefahr
860 2038 946 2070 war,
967 2027 1057 2062 viel-

317 2075 431 2109 leioht
454 2075 549 2108 nach
570 2074 656 2108 Hor.
672 2074 724 2107 111
748 2079 778 2117 1,
802 2079 841 2109 17
870 2076 1058 2110 destrictus

315 2123 409 2157 ensis
428 2123 488 2156 cui
507 2133 613 2166 super
633 2123 749 2166 impia
768 2123 900 2157 cervice
917 2124 1057 2166 pendet.

364 2174 407 2204 89
453 2173 579 2204 contra
623 2173 813 2204 torrentem
857 2170 1059 2204 schwamm

317 2217 510 2260 (steuerte)
537 2215 643 2250 nieht
673 2228 794 2260 gegen
826 2217 896 2252 den
924 2217 1058 2260 Strom,

315 2265 390 2308 vgl.
420 2264 486 2298 Ov.
507 2275 550 2298 cx
571 2263 678 2298 Pont.
706 2263 757 2297 ΠΙ
785 2268 815 2307 7,
843 2268 863 2298 8
889 2275 933 2298 ne
959 2265 1060 2298 toties

315 2315 455 2355 contra,
480 2322 587 2356 quam
610 2312 711 2355 rapit
737 2313 902 2355 (torrens)
930 2313 1060 2354 amnis,

314 2370 402 2394 eam.

363 2409 407 2440 91
445 2405 553 2441 verba
585 2406 720 2449 animi,
759 2405 827 2440 wie
865 2405 953 2440 Sall.
982 2406 1058 2450 lug.

319 2454 364 2487 [V
391 2457 413 2487 4
444 2453 621 2487 iudicium
659 2454 792 2496 (mimi,
833 2453 910 2487 Cat.
944 2457 1005 2496 61,
1039 2459 1059 2488 4

316 2501 454 2544 ferocia
468 2501 595 2543 animi,
610 2500 680 2545 eig.
694 2500 907 2544 freiniiitige
919 2500 1057 2545 Worte,

315 2548 385 2581 wie
413 2560 452 2582 er
478 2559 516 2582 es
542 2549 591 2582 im
613 2548 756 2582 Herzen
777 2547 963 2591 empfand,
990 2548 1057 2582 sei-

316 2606 381 2629 ner
397 2596 545 2629 wahren
556 2595 807 2639 Empfindung
820 2595 1057 2639 freinn'itigen

316 2643 512 2677 Ausdruck
527 2643 654 2686 geben.
673 2663 707 2667 Q
730 2643 841 2677 vitam
856 2643 1058 2687 impendere

315 2701 398 2725 ‘vero
412 2690 478 2724 das
491 2690 615 2724 Leben
628 2690 812 2724 einsctzen
827 2691 916 2723 oder
931 2690 1059 2734 opfern

316 2737 375 2771 fiir
402 2737 461 2772 die
487 2737 706 2782 Wahrhest,
731 2736 814 2772 Tac.
842 2738 907 2771 XII
937 2742 979 2772 65
1007 2739 1059 2773 ita

317 2786 360 2819 cle
384 2796 419 2819 sc
444 2786 610 2819 meritum
637 2784 842 2828 Caesarem,
875 2790 915 2820 ut
950 2786 1060 2820 vitam

318 2833 403 2866 usui
428 2833 504 2866 cius
529 2833 756 2876 impenderet.

367 2883 411 2912 94
455 2880 610 2914 eiusdem
654 2881 733 2914 aevi
776 2880 826 2914 ist
864 2880 952 2914 Gon.
998 2881 1062 2914 der

320 2925 584 2970 Eigmschast,
635 2927 770 2962 cbenso
815 2927 948 2970 betagt
994 2928 1062 2962 wie

322 2972 451 3007 Vibius
473 2973 632 3019 Crispus.
656 2996 697 2999 —
720 2974 788 3009 M'.
809 2975 954 3010 Acilius
976 2975 1063 3011 Gla-

747 1368 789 1398 97
830 1363 868 1398 111
894 1375 977 1408 pm:
1007 1376 1085 1398 una
1117 1365 1239 1400 littera
1270 1370 1335 1400 aut
1367 1367 1461 1401 duae
1492 1378 1615 1402 erasae
1645 1368 1687 1402 in
1721 1366 1758 1400 P
1787 1378 1869 1401 cum

580 1414 624 1446 98
651 1410 847 1456 gigantum
875 1422 895 1448 ς
924 1412 1141 1446 Priscianus

1129 1508 1225 1551 brio,
1256 1507 1371 1541 Vater
1401 1507 1477 1542 und
1504 1507 1613 1543 Sohn.
1665 1508 1738 1544 Der
1771 1509 1871 1544 Sohn

1129 1566 1205 1588 war
1237 1555 1287 1588 im
1319 1555 1350 1589 J.
1379 1559 1421 1588 91
1455 1555 1530 1598 mit,
1549 1556 1683 1601 Trajan
1717 1550 1870 1591 Konsul.

1129 1602 1197 1635 Ihn
1235 1602 1319 1636 liess
1357 1601 1548 1637 Domitian
1585 1603 1633 1637 im
1673 1604 1706 1638 J.
1740 1608 1783 1639 95
1816 1604 1872 1638 als

1131 1648 1195 1683 des
1238 1649 1489 1684 Hochverrats
1529 1651 1750 1695 verdachtig
1792 1661 1872 1685 ver-

1130 1697 1279 1731 bannen
1303 1697 1378 1731 und
1405 1697 1503 1731 dann
1528 1698 1644 1742 boten,
1672 1699 1786 1733 daher
1811 1699 1873 1733 do·
1928 1729 1935 1732 .

1130 1745 1224 1778 mini
1237 1744 1372 1788 yladiis
1385 1745 1572 1787 festinata,
1589 1745 1803 1780 Suet·.Dom.
1818 1749 1872 1780 10.

1130 1791 1273 1826 Vorher
1308 1792 1414 1826 hatte
1446 1792 1510 1826 ihn
1547 1792 1611 1827 der
1643 1792 1776 1828 Kaisar
1809 1804 1872 1837 ge-

1130 1849 1324 1883 zwungen,
1356 1839 1417 1873 bei
1450 1838 1521 1873 den
1551 1839 1775 1874 Juvenalien
1812 1840 1873 1874 auf

1131 1885 1214 1920 dem
1255 1885 1439 1920 Albanum
1479 1887 1548 1920 mit
1579 1887 1699 1921 eiuem
1738 1887 1874 1922 Lowen

1132 1946 1176 1967 zu
1195 1933 1383 1977 kiimpfen,
1403 1932 1473 1968 Dio
1490 1933 1526 1968 C.
1542 1933 1674 1968 LXVII
1692 1938 1743 1969 14.
1776 1934 1874 1968 Den-

1130 1981 1227 2015 noeh
1265 1981 1389 2014 wurde
1428 1992 1466 2015 es
1506 1981 1582 2015 ihm
1622 1993 1706 2016 vom
1735 1981 1875 2031 *Kaiser

1133 2040 1213 2062 zum
1258 2028 1433 2063 Vorwurf
1473 2029 1664 2072 gemacht,
1709 2025 1767 2064 ὅτι
1810 2028 1876 2063 καὶ

1130 2076 1281 2119 θηρίοις
1308 2073 1476 2119 ἐμάχετο.
1527 2076 1633 2110 Auch
1658 2078 1723 2110 der
1747 2075 1874 2110 Plura]

1131 2133 1235 2157 ursos
1253 2124 1384 2167 figebat
1404 2123 1533 2158 deutet
1553 2123 1612 2157 ein
1632 2123 1770 2158 ofteres
1783 2122 1873 2157 Auf-

1131 2172 1253 2204 treten
1279 2171 1316 2204 in
1343 2170 1408 2205 der
1432 2171 1571 2205 harena
1596 2181 1654 2205 an.

1180 2222 1225 2252 96
1260 2218 1356 2259 olim,
1383 2229 1426 2251 zu
1455 2222 1508 2260 10,
1538 2221 1614 2253 142.

1181 2268 1224 2299 98
1249 2266 1470 2307 fraterculus
1482 2266 1654 2310 yiqantis,
1668 2266 1747 2301 also
1760 2265 1877 2300 selbst

1132 2313 1254 2357 yiyas,
1287 2311 1320 2345 d.
1349 2312 1384 2346 h.
1411 2311 1643 2355 Erdensohn,
1677 2313 1742 2347 der
1766 2312 1876 2347 keine

1134 2361 1266 2393 Ahnen
1303 2359 1385 2401 hat,
1427 2359 1494 2394 wie
1529 2364 1565 2402 6,
1594 2363 1638 2394 13
1671 2370 1709 2394 es
1743 2359 1874 2394 heirst:

1133 2407 1361 2450 compositive
1386 2407 1461 2441 luto
1486 2407 1608 2442 nullos
1631 2407 1786 2442 habuere
1806 2419 1874 2451 pa·

1132 2458 1257 2488 rentes
1310 2454 1356 2488 So
1390 2454 1537 2489 werden
1572 2454 1630 2488 die
1658 2453 1779 2489 So'hne
1811 2454 1877 2489 der

1133 2501 1259 2536 Tellus
1310 2501 1690 2536 satirisch-komisch
1748 2512 1875 2546 umge-

1132 2549 1271 2584 deutet.

1179 2601 1223 2631 99
1260 2596 1405 2640 profuit
1429 2597 1541 2639 nihil,
1573 2607 1611 2631 es
1638 2595 1764 2631 wurde
1797 2596 1877 2630 ihm

1130 2644 1181 2678 im
1209 2643 1407 2688 Gegentcil
1435 2656 1518 2678 zum
1545 2643 1784 2679 Verbrechen
1813 2655 1875 2678 an-

1132 2692 1342 2735 ger-echnet.

1182 2743 1248 2772 102
1259 2750 1310 2782 sq.
1321 2740 1402 2783 quis
1412 2759 1453 2763 —
1464 2739 1622 2774 miratur
1632 2738 1670 2773 111
1683 2738 1877 2773 ἀει-00111011

1136 2785 1309 2829 Stellung
1355 2790 1416 2829 13,
1458 2790 1523 2820 162
1567 2787 1649 2831 quis
1697 2786 1876 2821 tumidum

1134 2837 1261 2877 quitur
1278 2835 1435 2868 miratur
1451 2834 1492 2868 in
1503 2833 1686 2878 Alpibus?
1696 2853 1740 2858 —
1756 2833 1800 2867 L.
1811 2832 1875 2866 Iu-

1134 2882 1221 2915 nius
1246 2881 1390 2916 Brutus
1421 2892 1497 2915 war
1530 2881 1640 2925 (nach
1667 2879 1744 2914 Liv.
1772 2880 1786 2913 Ι
1822 2883 1876 2923 56,

1137 2929 1172 2973 7)
1198 2930 1336 2963 iuvenis
1356 2930 1458 2972 lonae
1477 2929 1575 2963 alius
1593 2928 1743 2973 inqenii,
1769 2938 1876 2971 quam

1136 2977 1241 3010 cuius
1259 2977 1527 3011 simulationem
1546 2976 1728 3018 induerat,
1744 2995 1785 2999 —
1804 2978 1876 3009 sta-
