2036 3406
694 196 819 231 LIBRI
847 196 878 231 V
928 195 1116 231 SATVRA
1146 193 1229 230 Xlll

1669 198 1755 237 263

183 308 261 349 has
295 307 459 362 patitur
490 320 652 362 poenas
685 305 894 362 peccandi
927 306 1047 347 laeva
1079 304 1292 346 voluntas.

183 382 284 409 nam
317 367 454 408 scelus
487 367 602 407 int-ra
636 381 679 408 se
714 367 891 408 tacitum
926 365 997 421 qui
1031 364 1198 419 cogitat
1231 364 1384 416 ullum,

182 426 287 469 facti
320 426 482 468 crimen
513 426 668 474 habet„
709 425 824 478 cedo,
852 426 885 466 si
920 426 1074 467 conata
1106 424 1284 478 peregit.
1684 435 1751 465 210

182 488 391 541 perpetua
423 485 636 539 anxietas,
668 500 746 528 nec
780 499 952 526 mensae
987 487 1181 537 tempore
1216 487 1355 524 cessat

184 545 379 587 faucibus
412 547 460 586 ut
495 545 646 587 inorbo
682 545 806 586 siccis
838 544 1033 598 interque
1067 542 1252 584 molares

184 603 349 646 difficili
382 607 597 646 crescente
631 604 748 658 cibo,

780 602 930 646 Setina
962 601 1155 644 misellus

185 665 348 718 expuit,
381 662 542 705 Albani
578 664 733 705 veteris
768 662 959 717 pretiosa
992 663 1190 703 senectus

183 723 398 778 displicet3
431 723 631 765 ostendas
666 723 835 776 melius,
870 720 1130 763 densissima
1162 733 1270 774 ruga
1688 732 1754 762 215

185 782 355 839 cogitur
387 783 430 824 in
462 781 650 825 frontem
685 782 802 823 velut
835 781 923 823 acri
957 779 1086 822 ducta
1119 779 1316 821 Falerno.

183 845 307 884 nocte
340 843 513 884 brevem
547 842 581 884 si
614 841 725 883 forte
757 840 939 882 indulsit
971 853 1074 881 cura
1107 853 1306 894 soporem

184 906 226 943 et
257 905 350 943 toto
384 903 553 943 versata
585 903 680 943 toro
714 901 800 942 iam
835 899 1027 941 membra
1061 898 1303 953 quiescunt,

183 960 386 1002 continuo
418 961 627 1014 templum
661 962 703 1002 et
734 959 884 1002 violati
914 959 1106 1000 numinis
1140 972 1256 1012 aras,

184 1021 228 1062 et
259 1019 371 1075 quod
403 1019 645 1074 praecipuis
679 1021 866 1061 mentem
900 1018 1128 1060 sudoribus
1163 1020 1332 1072 urguet,
1684 1031 1751 1061 220

184 1082 225 1120 te
257 1079 374 1121 videt
405 1080 448 1120 in
481 1079 664 1133 somnis3
697 1081 773 1120 tua
806 1093 928 1120 sacra
961 1080 1003 1119 et
1036 1078 1174 1119 maior
1206 1077 1351 1133 imago

183 1138 372 1180 humana
403 1139 551 1180 turbat
583 1139 786 1193 pavidum
819 1138 1022 1194 cogitque
1056 1137 1197 1179 fateri.

182 1197 230 1240 hi
262 1201 379 1252 sunt,
413 1199 484 1253 qui
517 1198 738 1252 trepidant
770 1200 813 1239 et
845 1198 897 1239 ad
931 1196 1075 1239 omnia
1107 1196 1284 1252 fulgura
1316 1196 1500 1250 pallent,

184 1271 280 1299 cum
311 1259 454 1311 tonat,
488 1257 705 1299 exanimes
739 1257 879 1311 primo
913 1270 1081 1312 quoque
1114 1270 1333 1297 murmure
1367 1256 1493 1309 caeli,

183 1331 269 1358 non
301 1317 425 1371 quasi
457 1316 661 1359 fortuitus
693 1332 770 1358 nec
804 1319 1031 1358 ventorum
1064 1315 1201 1366 rabie,
1235 1315 1306 1356 sed
1686 1328 1753 1357 225

300 1423 369 1456 208
402 1421 509 1456 laeva
543 1421 606 1456 W.-
639 1431 750 1456 saeva
776 1421 812 1455 P
842 1421 921 1456 sola
947 1434 974 1454 ω

956 1471 1025 1502 224
1053 1466 1231 1503 exanimis
1252 1467 1288 1502 P

182 1473 251 1504 213
279 1468 408 1504 Setina
433 1469 561 1504 Herel:
593 1469 657 1504 sed
683 1469 771 1503 vina
790 1468 856 1502 Ρω

229 1567 298 1600 208
325 1565 430 1600 laeva
442 1564 611 1600 voluntas
630 1562 706 1599 ‘die
722 1563 931 1606 vei-kehrte,

182 1611 384 1648 stindhafte
415 1610 602 1655 Absicht’,
639 1616 709 1655 14,ι
729 1615 798 1646 228
831 1611 932 1647 laevo

182 1660 322 1696 monitu
330 1670 465 1705 pueros
483 1660 655 1704 producit
674 1670 817 1702 avaros,
832 1659 930 1694 Pers.

181 1711 222 1751 2,
256 1710 301 1742 54
332 1711 477 1752 pectore
515 1708 632 1748 laevo.
677 1706 854 1752 Verg.11
886 1710 931 1741 54

180 1756 214 1790 si
238 1765 336 1790 mens
361 1765 436 1790 non
461 1755 565 1790 laeva
589 1755 729 1798 fuisset.

228 1806 297 1838 209
336 1801 473 1838 Herod.
500 1799 523 1847 ἡ
551 1799 591 1836 δε
619 1802 751 1846 Πυθίη
787 1800 860 1846 ἔφη
886 1799 927 1837 τὸ

180 1850 415 1906 πειρηθῆναι
435 1850 502 1885 τοῦ
521 1850 618 1884 θεοῦ
635 1863 696 1884 και
712 1848 753 1884 τὸ
773 1850 930 1893 ποιῆσαι

180 1899 261 1933 ι”σον
288 1895 493 1933 δύνασθαι.

227 1948 297 1980 210
335 1946 418 1981 cedo
442 1946 476 1980 si
507 1943 676 1979 vollends
711 1946 786 1980 ersi:
811 1955 929 1990 wenn,

180 1993 249 2028 wie
276 1995 308 2037 6,
330 1995 408 2028 504.
450 1991 580 2028 Damit
605 1992 697 2027 wird
723 1992 789 2027 der
814 1973 929 2027 Uber-

182 2052 284 2087 gang
321 2052 385 2075 zur
421 2039 666 2085 Fortsetznng
707 2040 772 2075 der
810 2039 928 2075 801111-

181 2087 324 2133 derung
355 2098 427 2123 von
459 2087 524 2122 der
557 2087 686 2122 Macht
717 2087 782 2122 des
814 2088 930 2123 besen

181 2135 390 2171 Gewissens
415 2135 597 2180 gegeben.

228 2187 295 2218 211
334 2193 399 2218 ‘nec
423 2193 565 2218 mensae
595 2186 768 2227 tempore,
799 2182 869 2218 wie
896 2187 928 2226 2,

183 2234 249 2266 182
275 2241 340 2266 nee
371 2231 478 2275 pueri
508 2231 677 2274 eredunt,
718 2234 748 2274 9,
776 2234 820 2265 49
854 2231 929 2265 iam

180 2289 246 2314 nee
271 2278 394 2313 morbo
414 2279 551 2313 donare
573 2278 711 2322 parati.

229 2329 298 2361 212
325 2329 367 2361 ut
391 2325 513 2361 morbo
542 2324 791 2361 ‘krankhaft'.

216 2377 296 2409 ’213
335 2377 508 2409 crescente
542 2373 637 2416 cibo,
673 2384 714 2408 so
748 2372 828 2408 dass
863 2372 928 2408 der

179 2420 310 2457 Bissen
334 2421 386 2455 im
406 2421 544 2456 Munde
565 2420 688 2465 quillt.
723 2419 849 2456 senec.
869 2431 926 2465 ep.

180 2474 236 2513 82,
257 2472 301 2504 22
327 2478 402 2504 ‘non
426 2469 469 2503 in
494 2479 553 2504 ore
578 2469 691 2504 erevit
715 2469 830 2513 cibus,
854 2479 928 2504 non

178 2517 295 2553 haesit
330 2516 372 2551 in
408 2515 591 2560 faucibus.
619 2536 664 2541 —
701 2515 848 2560 Setina,
879 2527 926 2551 sc.

178 2565 278 2600 vina.
328 2562 419 2598 Dass
457 2575 544 2599 man
575 2563 674 2599 beim
713 2562 841 2598 Plural
879 2574 926 2598 an

179 2611 238 2646 die
257 2610 550 2647 verschiedenen
567 2612 705 2657 poeula
730 2610 926 2646 desselben

178 2658 328 2695 Weines
366 2658 518 2703 dachte,
557 2659 655 2704 zeigt
692 2657 779 2693 Hor.
817 2659 924 2704 epod.

181 2711 220 2750 9,
245 2710 291 2742 34
323 2707 530 2752 capaciores
562 2707 667 2750 adfer
704 2707 791 2749 hue,
817 2717 926 2751 puer,

178 2733 347 2800 se’yphos:
371 2756 438 2789 aut
465 2753 556 2789 Chia
580 2755 670 2790 vina
694 2757 760 2790 aut
779 2734 926 2798 Zesbia,

178 2802 233 2838 vel
257 2801 353 2847 quod
377 2801 545 2844 fluentem
563 2812 737 2837 nauseam
756 2813 834 2837 coer
837 2806 925 2844 eeat

180 2850 304 2884 metire
328 2848 432 2884 nobis
459 2847 671 2884 Caecubum.
723 2839 823 2884 Uber
855 2849 926 2883 den

181 2895 328 2932 Setiner
359 2907 403 2931 zu
435 2898 474 2939 5,
501 2899 546 2930 34
572 2895 648 2930 und
677 2899 732 2942 10,
758 2899 822 2940 27,
855 2896 926 2931 den

178 2943 343 2980 Albaner
369 2945 400 2987 5,
428 2946 483 2978 33.

227 2995 297 3027 215
312 3002 364 3036 sq.
404 2991 541 3035 melius,
567 3001 614 3026 sc.
643 2992 786 3033 vinum,
818 2990 926 3025 einen

1086 1419 1259 1463 voluptas
1290 1420 1325 1453 P
1438 1422 1506 1454 210
1534 1421 1696 1466 cognata
1722 1421 1758 1455 P

1006 1562 1103 1598 noch
1130 1563 1312 1597 besseren.
1343 1583 1384 1587 —
1418 1574 1513 1608 ruffa
1547 1564 1688 1608 eoyc'tur
1714 1564 1755 1598 in

1003 1613 1175 1653 frontem,
1208 1609 1277 1644 wie
1307 1613 1367 1651 14,
1396 1613 1464 1645 325
1498 1611 1583 1646 haee
1615 1622 1754 1656 qnoque

1003 1659 1036 1693 si
1054 1669 1184 1703 ruyam
1204 1658 1319 1692 trahit
1334 1659 1564 1703 extenditque
1584 1659 1753 1694 labellum

1004 1707 1102 1750 (zum
1152 1705 1386 1749 spettischen
1437 1704 1627 1750 L‘iicheln).
1679 1705 1754 1740 Der

1002 1754 1179 1788 Falci-ner
1200 1753 1292 1787 wird
1313 1754 1407 1788 auch
1430 1756 1463 1797 5,
1479 1757 1522 1788 59
1539 1754 1615 1788 und
1636 1758 1668 1799 4,
1686 1758 1752 1790 138

1003 1801 1182 1836 erw'zihnt.

1051 1852 1120 1883 218
1158 1849 1233 1883 iam
1268 1847 1473 1892 ‘endlichss
1510 1849 1579 1883 wie
1613 1853 1650 1891 7,
1687 1852 1753 1884 170

1003 1900 1034 1931 et
1059 1907 1152 1941 quae
1170 1907 1245 1931 tam
1264 1899 1394 1931 veteres
1413 1877 1550 1931 sariam
1568 1876 1750 1932 mor’taria

1003 1954 1135 1986 caecos,
1153 1940 1227 1988 ἤδη
1242 1943 1330 1978 oder
1344 1941 1416 1988 δή
1406 1955 1456 1977 im
1472 1942 1751 1979 Griechischen.

1051 1995 1120 2026 220
1163 1992 1359 2027 sudoribus
1398 1991 1750 2036 ‘Angstsehweissz

1003 2038 1208 2083 vgl.1,167
1235 2040 1349 2074 tacita
1372 2040 1508 2074 sudant
1529 2041 1752 2084 φνάεεοτιῖία

1003 2087 1121 2130 culpa
1167 2085 1340 2130 Aeschyl.
1367 2087 1498 2130 Agam.
1528 2090 1594 2121 166
1628 2085 1752 2129 στάζει

1003 2131 1043 2167 δ’
1074 2133 1113 2168 ἔν
1138 2131 1184 2168 θ’
1202 2131 1318 2189 ὕπνῳ
1345 2132 1417 2178 πρὸ
1439 2134 1597 2177 καρδίας
1622 2147 1751 2179 μνησι-

1002 2179 1135 2226 πήμων
1161 2179 1289 2225 πόνος,
1317 2183 1391 2216 und
1415 2182 1475 2216 die
1496 2181 1660 2217 Paiodos
1687 2181 1752 2217 dei

1004 2229 1167 2274 Choeph.
1196 2232 1240 2264 31
1257 2240 1336 2273 sqq.

1050 2280 1117 2311 221
1144 2275 1214 2311 Die
1227 2276 1357 2312 Gettffl
1361 2276 1653 2321 erecheinungen
1669 2277 1750 2312 sind

1002 2324 1283 2359 iibernati'irlich
1317 2323 1435 2369 ,ξι-οῖς,
1468 2324 1542 2369 vgl.
1569 2337 1612 2359 zu
1640 2324 1748 2369 Vcrg.

1002 2371 1036 2406 Π
1064 2376 1142 2407 773.
1195 2372 1284 2407 Was
1319 2372 1390 2407 den
1424 2371 1582 2407 Giittern
1617 2372 1751 2417 gehort

1002 2420 1091 2455 oder
1114 2421 1222 2454 unter
1245 2420 1365 2454 ihrem
1388 2419 1544 2454 Schutze
1566 2420 1679 2463 steht,
1700 2419 1751 2454 ist

1001 2478 1158 2511 sacrum,
1186 2466 1301 2502 daher
1327 2468 1422 2502 auch
1445 2467 1511 2501 das
1532 2466 1615 2502 Bild
1642 2478 1749 2502 saera

1001 2516 1131 2560 ivzayo,
1161 2515 1334 2550 erhaben.

1048 2565 1117 2598 222
1162 2563 1287 2598 turbat
1317 2563 1499 2607 pavidum
1539 2561 1627 2596 lasbt
1665 2562 1748 2597 dem

1003 2610 1256 2655 Geiingstcten
1283 2609 1392 2645 keinc
1415 2609 1534 2644 Ruhe.

1048 2661 1115 2692 223
1131 2669 1184 2701 sq.
1218 2658 1285 2700 ad,
1311 2669 1353 2691 zu
1383 2662 1460 2693 167.
1490 2678 1530 2682 -—
1565 2658 1748 2692 eaecmimes

1002 2704 1291 2749 ‘leichenblass’,
1313 2705 1387 2750 vgl.
1409 2705 1596 2749 trepidant
1616 2709 1648 2740 et
1664 2705 1747 2749 pal-

999 2754 1072 2788 lent
1115 2753 1248 2787 zittern
1294 2752 1369 2787 und
1414 2753 1534 2787 beben
1579 2752 1747 2796 (werden

999 2799 1129 2845 blass).
1182 2800 1293 2835 Sonst
1325 2800 1419 2835 nach
1452 2799 1560 2843 Vei-g.
1598 2799 1646 2833 IV
1682 2803 1747 2834 160

1000 2858 1130 2894 mayno
1156 2849 1298 2883 misceri
1323 2859 1506 2882 murmure
1529 2848 1665 2881 caelum
1691 2848 1746 2882 in-

1000 2897 1099 2930 civit.

1031 2907 1115 2976 1225
1156 2941 1224 2976 Die
1263 2941 1372 2976 Alten
1419 2941 1620 2986 glaubsscn,
1665 2942 1746 2976 das-³

1000 2989 1148 3024 Donncr
1175 2989 1247 3024 und
1276 2988 1371 3024 Blitz
1399 3001 1464 3024 aus
1491 2989 1634 3024 starker
1661 2990 1745 3024 Rei>
