2036 3406
747 209 876 244 LIBRI
902 209 952 245 IV
1003 208 1192 245 SATVRA
1219 210 1249 244 X

1699 211 1784 252 215)

228 320 440 374 vicerunt,
472 320 603 375 igitur
636 320 807 361 fortuna
838 319 974 374 ipsius
1008 321 1050 360 et
1081 318 1199 361 urbis
1718 332 1784 362 :285

228 382 444 422 servatum
476 380 590 421 victo
625 382 750 434 caput
783 379 976 420 abstulit.
1027 378 1107 420 hoc
1140 379 1329 421 cruciatu

229 439 455 494 Lentulus,
489 438 565 480 hac
598 453 736 493 poena
767 438 905 480 caruit
937 438 1169 493 ceciditque
1202 437 1417 494 Cethegus

227 499 402 553 integer,
435 501 475 539 et
507 497 638 540 iacuit
672 497 857 540 Catilina
890 497 1094 540 cadavere
1125 500 1229 539 toto.

287 558 471 599 formam
505 560 628 612 optat
662 557 829 599 modico
862 557 1025 611 pueris,
1057 557 1218 598 maiore
1251 557 1407 612 puellis

227 631 461 671 murmure,
494 631 588 659 cum
623 616 801 658 Veneris
833 616 982 657 fanum
1014 615 1133 657 videt
1165 617 1292 657 anxia
1324 619 1473 671 mater,
1530 668 1534 672 ²

1718 628 1787 658 290

229 690 362 731 usque
396 676 447 717 ad
481 676 657 717 delicias
690 678 900 717 votorum.
951 674 1041 716 ‘cur
1072 674 1233 716 tamen’
1267 676 1406 729 inquit

229 735 483 790 ‘corripias‘?
515 735 692 790 pulchra
724 734 884 790 gaudet
915 733 1083 775 Latona
1114 733 1284 776 Diana?

230 795 304 837 sed
336 798 454 836 vetat
485 795 629 850 optari
660 794 812 836 faciem
844 792 1062 847 Lucretia,
1094 793 1262 847 qualem

228 854 325 908 ipsa
355 853 525 907 habuit3
557 855 729 910 cuperet
761 852 933 894 Rutilae
969 851 1175 907 Verginia
1208 852 1389 908 gibbum

229 909 421 968 accipere
454 927 587 968 osque
619 927 744 954 suum
775 905 949 954 Rutilae
983 907 1101 954 dare.¹
1144 912 1432 954 fihus‘autem
1720 924 1787 954 295

228 971 420 1028 corporis
453 972 617 1027 egregii
648 972 828 1014 miseros
860 971 1134 1026 trepidosque
1166 975 1367 1026 parentes

228 1045 396 1087 semper
429 1031 579 1086 habet3
609 1046 707 1073 rara
739 1033 805 1073 est
837 1031 942 1073 adeo
976 1031 1203 1073 concordia
1233 1030 1397 1073 formae

321 1175 390 1207 293
416 1171 558 1217 optaris
583 1171 717 1207 faciem
743 1172 864 1207 lueret
887 1172 925 1206 in
952 1172 989 1207 P

226 1222 339 1264 atque
365 1219 428 1265 (ad
455 1220 565 1264 quae)
594 1219 663 1254 Ρω

276 1341 345 1374 286
372 1337 629 1374 Konstruiere:
650 1342 761 1383 caput
780 1339 884 1383 (tum)
902 1348 973 1373 ser-

230 1387 346 1429 vavit,
382 1386 444 1421 sed
480 1386 573 1421 victo
616 1386 777 1421 abstulit.
817 1406 861 1411 —
906 1386 973 1420 Die

228 1433 370 1468 Flihrer
419 1432 485 1468 der
528 1431 840 1468 Catilinarischen
884 1432 973 1468 Ver-

228 1480 452 1525 schworung
494 1480 642 1515 werden
686 1493 754 1515 nur
796 1481 973 1525 erw'ahnt,

228 1539 290 1562 um
316 1539 362 1563 zu
387 1528 529 1573 wigen,
556 1527 637 1563 dass
664 1527 780 1563 selbst
805 1528 973 1571 gemeine

228 1575 460 1611 Verbrecher
496 1575 590 1620 (vgl.
623 1578 662 1618 8,
690 1579 757 1610 231
780 1576 874 1620 sqq.)
914 1574 974 1610 ein

227 1623 395 1658 besseres
410 1622 672 1668 Endgeschick
686 1623 818 1658 hatten
839 1623 893 1658 als
914 1623 974 1658 ein

228 1671 342 1706 Manu
367 1671 436 1705 wie
462 1671 673 1716 Pompejus.

277 1722 345 1754 287
362 1717 544 1754 Lentulus
555 1718 632 1753 und
642 1718 812 1764 Cethegus
824 1717 976 1753 wurden

229 1765 281 1801 im
291 1764 507 1800 Tullianum
517 1766 774 1811 stranguliert,
795 1765 882 1800 Sall.
896 1764 973 1800 Cat.

230 1817 294 1858 55,
322 1812 487 1848 Catilina
524 1813 585 1848 fiel
623 1813 683 1848 bei
719 1813 895 1848 Pistoria:
934 1814 976 1848 in

229 1861 509 1903 confertissimos
533 1861 647 1896 hostes
671 1862 831 1896 incurrit
856 1862 976 1906 ibique

223 1918 400 1955 puynans
425 1908 646 1953 confoditur,
674 1907 763 1944 Sall.
790 1912 845 1944 60.

277 1957 314 2001 5)
339 1959 545 1991 289—345:
580 1955 647 1991 Die
675 1955 859 1991 Gefahren
892 1956 973 1991 kor-

229 2002 414 2049 perlicher
440 2003 654 2039 Sch6nheit.

266 2055 337 2087 290
344 2051 461 2086 anxia
468 2054 599 2086 mater.-
608 2051 693 2085 aba]
701 2050 757 2085 ich
763 2051 974 2086 eWiinschc

229 2098 368 2134 ²aursei-t
391 2097 454 2133 bei
479 2098 566 2133 Hor.
588 2109 644 2143 ep.
673 2099 686 2133 Ι
713 2102 745 2141 4,
773 2102 793 2133 8
821 2097 880 2132 die
906 2109 973 2133 nu-

231 2147 320 2190 triat,
344 2146 444 2180 Pers.
464 2149 561 2189 2,.31
589 2145 649 2180 die
669 2149 861 2181 matertera
887 2146 975 2180 oder

232 2194 336 2237 avia,
376 2192 502 2228 Senec.
530 2204 587 2238 ep.
623 2196 678 2234 60,
710 2198 724 2227 1
766 2194 976 2228 etiamnunc

231 2244 349 2285 optas,
375 2241 472 2286 quod
497 2241 565 2275 tibi
590 2242 729 2285 optavit
753 2241 885 2275 nutrix
909 2243 975 2275 tua

231 2292 299 2324 aut
319 2289 553 2333 paedayoyus
578 2292 643 2323 aut
669 2287 807 2323 mater?

277 2338 345 2371 291
373 2346 485 2381 usque
510 2336 559 2371 ad
584 2335 734 2371 delicias
753 2339 916 2370 votorum
931 2352 973 2364 =

219 2388 342 2429 ‘usque
367 2384 416 2418 ad
441 2387 536 2425 vota,
561 2394 654 2427 quae
678 2384 720 2418 in
745 2383 885 2418 deliciis
910 2394 972 2418 no-

230 2432 318 2466 stris
342 2441 491 2466 causam
515 2431 665 2474 liabent,
692 2429 880 2465 Wfinsehe
907 2442 972 2464 un-

231 2488 332 2514 sel-er
338 2476 631 2514 Liebhabereien
640 2477 728 2513 oder
738 2476 977 2522 Tandeleien,

232 2525 307 2560 Cic.
347 2537 398 2561 or.
437 2525 490 2560 III
529 2530 571 2561 81
613 2527 773 2571 pueriles
817 2526 976 2561 deliciae.

233 2572 359 2608 Senec.
387 2573 507 2608 benef.
534 2572 585 2607 IV
617 2577 656 2617 5,
683 2576 701 2606 1
735 2584 846 2618 neque
883 2574 978 2607 enim

231 2620 505 2656 necessitatibus
548 2622 795 2656 tantummodo
844 2621 978 2655 nostris

226 2668 415 2712 provisum
446 2671 512 2703 est.-
543 2679 586 2703 us
612 2680 656 2704 ue
686 2669 728 2703 in
759 2669 908 2704 delicias
940 2668 978 2710 (a

232 2715 306 2760 dis)
336 2726 514 2750 amamur.
600 2714 649 2760 gl.
683 2720 721 2759 6,
748 2719 791 2750 47
829 2715 978 2750 delicias

232 2762 408 2798 homelnis!
452 2766 490 2806 6,
523 2765 592 2798 260
632 2774 788 2808 quarum
828 2763 978 2798 delicias

233 2809 525 2854 (Verwssbnung)
560 2814 591 2844 et
624 2810 849 2854 panniculus
883 2810 975 2845 bom-

233 2858 386 2903 bycinus
411 2858 499 2899 urit,
528 2860 582 2900 13,
612 2861 678 2892 140
704 2868 724 2892 o
750 2858 909 2892 delicias.

279 2907 349 2940 292
385 2905 582 2950 corripias,
610 2905 677 2939 wic
706 2907 766 2948 14,
793 2908 838 2939 54
864 2904 975 2939 corri-

227 2953 309 2998 pies
327 2954 360 2987 et
379 2952 575 2996 castiyabis
594 2952 754 2996 (fil-ium),
772 2951 866 2986 nach
887 2950 973 2986 Hor.

233 3012 260 3035 s.
286 2999 321 3034 ΙΙ
346 3003 379 3044 3,
405 3003 473 3034 257
502 3002 695 3045 postquam
721 3003 771 3034 est
805 2998 977 3044 inpransi

1081 1174 1151 1206 294
1177 1169 1346 1216 virginea
1372 1171 1409 1206 P
1495 1175 1563 1207 295
1591 1182 1704 1217 osque
1727 1171 1790 1206 W.-

761 1230 865 1254 suum
896 1220 932 1254 P
955 1230 1059 1254 suam
1086 1232 1113 1252 ω

1046 1338 1257 1383 (nsichtern)
1283 1342 1468 1382 correptus
1498 1348 1580 1374 voce
1611 1339 1790 1383 rrzayistri,

1047 1385 1118 1430 eig.
1145 1386 1301 1431 aliquem
1332 1389 1516 1430 tamquam
1547 1396 1647 1421 reum
1678 1387 1789 1421 corri-

1042 1444 1137 1477 pere.
1167 1453 1209 1458 —
1236 1432 1343 1467 Hom.
1375 1433 1441 1470 Od.
1469 1433 1518 1467 VI
1546 1437 1612 1468 106
1647 1431 1787 1478 γέγηθε

1047 1478 1089 1514 δέ
1126 1492 1165 1514 τε
1205 1479 1327 1525 φρένα
1365 1479 1490 1525 Λητώ,
1530 1481 1639 1525 Verg.
1673 1480 1688 1514 I
1721 1484 1789 1515 502

1047 1527 1215 1563 Latonae
1228 1529 1379 1563 tacitum
1393 1532 1639 1574 pertemptant
1651 1528 1791 1573 (saudia

1040 1579 1185 1620 pectus,
1217 1575 1285 1610 wic
1319 1575 1370 1610 sie
1404 1575 1522 1611 Diana
1554 1576 1661 1611 unter
1693 1575 1791 1609 ihrer

1048 1622 1274 1667 Begleitung
1327 1622 1494 1657 stattlich
1540 1623 1790 1667 hervorragen

1049 1670 1157 1705 sieht.

1095 1721 1165 1753 295
1200 1728 1238 1753 os
1262 1728 1368 1753 suum
1396 1718 1470 1752 ‘ihr
1495 1717 1674 1753 Gesicht'.
1721 1718 1792 1752 Der

1048 1765 1128 1801 Tod
1149 1765 1214 1800 der
1233 1765 1407 1800 Lucretia
1431 1765 1506 1800 und
1533 1766 1598 1800 der
1611 1764 1792 1810 Verginia

1048 1824 1124 1847 war
1156 1813 1216 1848 ein
1242 1812 1424 1848 beliebtes
1452 1812 1694 1848 Schulthema
1726 1813 1791 1847 der

1048 1860 1248 1896 Rhetoren.
1265 1881 1307 1886 —
1328 1860 1461 1896 Rutila
1479 1860 1529 1895 ist
1542 1861 1645 1895 nicht
1665 1859 1792 1895 weitcr

1047 1908 1223 1944 bekannt.
1252 1908 1325 1943 Der
1342 1907 1461 1943 Name
1482 1907 1628 1943 Rutilus
1648 1907 1793 1942 kommt

1047 1957 1143 1990 noch
1172 1959 1226 1999 11,
1253 1959 1273 1990 2
1299 1955 1376 1989 und
1403 1958 1457 1999 14,
1488 1959 1529 1990 18
1556 1966 1631 1990 vor.

1096 2007 1164 2038 296
1186 2014 1239 2047 sq.
1278 2003 1436 2048 trepidos
1473 2003 1577 2038 habet
1614 2002 1717 2036 ‘halt
1754 2003 1790 2036 in

1048 2050 1241 2094 stancliger
1249 2050 1369 2095 Angst
1378 2049 1451 2084 und
1462 2049 1603 2094 Sorge’,
1614 2049 1790 2093 Niigclsb.

1048 2097 1129 2132 Stil.
1162 2101 1181 2139 g
1210 2101 1292 2141 110,
1323 2101 1352 2133 1.
1404 2097 1497 2131 Plin.
1530 2107 1584 2142 ep.
1616 2096 1667 2130 ΙΙΙ
1700 2101 1737 2141 3,
1771 2101 1791 2131 4

1048 2146 1148 2180 adest
1174 2145 1393 2179 adulescenti
1418 2148 1539 2179 nostro
1565 2155 1644 2179 cum
1670 2144 1792 2179 ceteris

1047 2196 1202 2227 naturae
1227 2192 1466 2236 fortunaeque
1489 2192 1632 2227 dotibus
1658 2192 1793 2226 eximia

1048 2240 1210 2284 corporis
1248 2239 1504 2284 pulchritudo,
1549 2239 1609 2274 cui
1645 2239 1687 2274 in
1729 2239 1793 2273 hoc

1048 2288 1186 2322 lubrico
1213 2287 1342 2322 aetatis
1361 2298 1436 2321 non
1456 2289 1670 2331 praeceptor
1689 2287 1792 2321 modo

1047 2336 1108 2370 secl
1134 2337 1250 2370 custos
1276 2335 1384 2369 etiam
1412 2338 1595 2378 rectorque
1620 2344 1790 2379 quaeren-

1047 2383 1117 2417 dus
1153 2386 1220 2424 est,
1247 2382 1320 2416 und
1349 2381 1418 2416 VII
1445 2385 1489 2415 24
1523 2384 1607 2426 sagt
1640 2392 1679 2415 er
1704 2391 1789 2415 vom

1048 2430 1166 2464 Enkcl
1211 2429 1275 2464 der
1313 2428 1501 2463 Ummidia
1540 2427 1792 2470 Quadratilla:

1050 2478 1266 2521 conspicuus
1302 2478 1422 2520 forma
1458 2486 1576 2510 omncs
1618 2486 1793 2510 sermones

1049 2525 1293 2570 maliynorum
1307 2527 1339 2559 et
1352 2534 1448 2568 puer
1461 2527 1492 2558 ct
1511 2524 1652 2558 iuvenis
1669 2523 1790 2558 evasit.

1051 2571 1135 2617 Vgl.
1165 2576 1194 2614 2,
1217 2575 1294 2607 168.

1099 2623 1166 2654 297
1198 2630 1287 2654 rara
1312 2619 1399 2653 adeo
1429 2618 1481 2653 ‘so
1507 2629 1575 2661 gar
1601 2616 1716 2651 selten
1744 2616 1794 2651 ist

1049 2666 1196 2701 leider’.
1225 2666 1401 2700 Dasselbe
1417 2664 1649 2710 Epiphonem
1670 2669 1702 2707 3,
1723 2667 1792 2698 274

1051 2715 1138 2750 adeo
1164 2717 1216 2749 tot
1241 2715 1339 2757 fata,
1375 2716 1427 2755 12,
1456 2716 1500 2747 36
1527 2713 1614 2747 adeo
1640 2712 1792 2746 medica·

1050 2765 1125 2796 tum
1157 2761 1331 2805 intelleyit
1364 2761 1514 2806 inguen,
1555 2763 1614 2802 13,
1642 2763 1685 2793 59
1719 2762 1792 2793 tam

1048 2809 1249 2843 venerabile
1274 2811 1367 2850 erat,
1392 2808 1584 2852 primaque
1606 2818 1678 2851 par
1705 2807 1792 2840 adeo

1048 2867 1173 2891 sacrae
1188 2856 1322 2899 lanuqo
1335 2858 1502 2890 senectae.
1531 2854 1604 2888 Der
1613 2853 1791 2888 Gedankc

1049 2903 1164 2937 selbst
1201 2902 1313 2937 schon
1353 2901 1414 2936 bei
1443 2902 1508 2936 (jv,
1536 2901 1610 2936 her.
1641 2904 1696 2944 15,
1723 2904 1791 2935 288

1049 2951 1094 2985 lis
1136 2954 1187 2985 est
1228 2960 1308 2985 cum
1350 2951 1470 2992 forma
1509 2959 1643 2995 maqna
1684 2949 1792 2993 pudi-

1048 2998 1164 3033 citiae.
